3052 5220
629 655 801 709 BBNBDIC
807 652 883 709 wa.

613 1252 913 1360 [Batauorum]

161 1480 215 1584 T]
341 1483 547 1560 Enedictus
565 1485 739 1561 dominus
756 1486 850 1560 deus
873 1483 986 1559 lsrael

388 1586 476 1685 quia
492 1587 658 1662 uisitauit
676 1606 714 1663 et
733 1588 818 1663 lecit
838 1585 1134 1684 redemptionem
1154 1581 1273 1682 plebis
1286 1605 1364 1655 suae

240 1685 292 1762 Et
309 1688 429 1763 erexit
446 1714 561 1764 comu
578 1689 709 1764 salutis
727 1689 835 1764 nobis
872 1703 874 1709 '

238 1788 274 1861 in
292 1787 407 1864 domu
428 1789 555 1865 Dauid
571 1792 676 1890 pueri
694 1791 751 1866 sui

188 1912 208 1985 5
237 1889 342 1965 Sicut
360 1889 505 1966 locutus
522 1911 580 1967 est
597 1919 665 1991 per
681 1919 725 1968 os
738 1910 950 1968 sanctorum

237 1991 464 2166 {rosetamm
483 2019 634 2069 suorum
653 1995 716 2093 qui
734 1993 782 2069 ab
796 2019 879 2069 aeuo
896 2011 985 2067 sunt

278 2111 292 2167 t
310 2093 481 2169 liberauit
500 2121 568 2169 nos
586 2095 634 2169 ab
653 2096 810 2170 inimicis
829 2095 965 2170 nostris

238 2213 277 2269 et
294 2194 343 2269 de
361 2221 473 2269 manu
491 2197 657 2271 omnium
675 2197 738 2295 qui
758 2222 826 2271 nos
844 2196 1003 2271 odemnt

240 2295 303 2370 Ad
322 2295 529 2373 faciendam
548 2299 839 2374 misericordiam
858 2324 941 2374 cum
961 2296 1127 2396 patribus
1147 2293 1283 2368 nostris

175 2419 221 2471 10
247 2416 285 2472 et
304 2423 511 2474 memorare
530 2401 743 2476 testamenti
763 2401 819 2475 sui
838 2400 956 2474 sancti

245 2498 505 2576 Iusiurandum
523 2496 778 2601 quod'iurauit
795 2503 843 2576 ad
863 2498 1056 2576 Abraham

241 2618 385 2699 patrem
405 2622 572 2679 nostrum
591 2603 763 2679 daturum
782 2631 824 2679 se
843 2604 951 2678 nobis

247 2701 301 2778 Ut
319 2704 401 2779 sine
419 2705 552 2794 timore
569 2707 617 2782 de
635 2707 807 2781 manibus
826 2706 1056 2780 inimicorum
1075 2720 1285 2778 nostrorum

243 2804 387 2880 liberati
406 2808 612 2883 seruiamus
630 2807 680 2882 illi

173 2929 214 3001 15
247 2906 291 2981 ln
309 2908 508 2984 sanctitate
526 2928 563 2984 et
578 2910 718 2985 iustitia
735 2935 859 2985 coram
880 2910 960 3006 ipso

241 3009 416 3084 omnibus
434 3010 567 3085 diebus
587 3009 723 3085 nostris

222 3250 284 3324 FA]
320 3254 363 3308 tit
379 3250 569 3325 B[enedictio]
582 3252 673 3309 sancti
686 3252 839 3321 Zachariae
851 3253 878 3308 A
913 3269 969 3306 car.
979 3253 1022 3305 tit
1036 3251 1057 3304 F
1166 3262 1181 3302 2
1200 3245 1374 3302 uissitauitF

167 3341 235 3380 suae
247 3324 274 3379 A
413 3336 427 3394 5
446 3324 559 3395 loqutus
572 3326 598 3379 A
740 3324 758 3379 ⁶
776 3324 977 3395 prophetarum
992 3322 1042 3375 ΡΑ
1078 3319 1136 3374 hab
1148 3336 1183 3375 eo
1196 3320 1222 3372 A
1234 3319 1319 3373 abeo
1330 3317 1375 3371 A*

168 3408 184 3461 7
203 3392 333 3450 liberabit
345 3394 372 3450 A
483 3408 516 3449 to
534 3392 684 3450 memorari
697 3394 724 3450 A
739 3391 850 3450 ’sancti
868 3392 911 3448 sui
924 3395 950 3447 A

217 3611 324 3663 Glossse
334 3611 369 3677 T]
402 3623 418 3662 s
435 3611 557 3676 uisitsuit]
568 3612 595 3663 .i.
609 3613 710 3678 plebem
727 3613 792 3664 hsnc
808 3612 934 3662 uisitsndo
949 3627 1019 3662 susm
1037 3625 1091 3661 esse
1107 3608 1165 3660 tecit
1182 3607 1241 3673 quis
1256 3621 1302 3657 sus
1318 3604 1376 3655 fidei
1467 3658 1472 3669 Ι

168 3675 388 3728 sublimitatem
400 3675 513 3743 perfecit¹
644 3679 765 3743 3oomu]
777 3678 803 3729 .i.
817 3693 894 3729 eomu
906 3676 1100 3728 sslutislirmsm
1108 3673 1281 3726 celsitudinem
1290 3671 1377 3721 sslutis

169 3742 239 3803 dicit,
251 3757 329 3793 sumti
340 3742 438 3793 excedit
453 3759 563 3802 earnem.
573 3752 599 3794 et
616 3743 674 3795 ideo
690 3760 767 3794 comu
784 3744 870 3794 salutis
886 3760 898 3793 t
930 3759 990 3793 num
1006 3741 1137 3793 sslustotis
1153 3739 1247 3793 Christi
1262 3733 1378 3791 socstur'

170 3808 187 3859 6
202 3806 365 3873 psotetsmm]
376 3807 479 3874 piofetse
489 3808 629 3924 sgecisliter
645 3809 765 3876 appellati
776 3819 842 3870 sunt,
853 3809 897 3873 qui
926 3825 941 3859 e
952 3809 1061 3860 sduentu
1073 3807 1168 3859 Christi
1178 3804 1308 3857 manifeste
1318 3818 1376 3856 sunt

171 3869 259 3924 loeuti⁸
322 3872 357 3922 sb
366 3874 434 3935 ωηο]
444 3872 472 3924 .ἰ.
485 3890 502 3924 s
530 3873 603 3924 initio
741 3884 756 3937 7
774 3874 900 3937 libemuit]
912 3873 939 3924 .i.
954 3873 1020 3925 lilius
1030 3873 1071 3924 dei
1213 3870 1229 3922 8
1245 3871 1278 3922 de
1289 3873 1377 3933 manu]

170 3939 197 3990 .ἰ.
211 3939 244 3989 de
255 3947 379 4006 potestste
443 3938 569 4002 omnium]
580 3940 604 3991 .i.
618 3939 775 3990 inimicorum
840 3939 930 4006 qui].i
943 3939 1226 4006 homiuespemersoset
1235 3936 1377 3988 immundos

170 4001 410 4121 tutat
418 4004 648 4134 datum
659 4014 686 4121 t
695 4003 1377 4138 ttmttammmtmm

171 4134 310 4186 desemine
321 4133 530 4201 petrisrchsrum
686 4149 713 4187 tt
732 4137 764 4187 sd
777 4137 905 4188 Abrsbsm
931 4135 958 4187 .i.
973 4135 1036 4186 fides
1046 4136 1159 4202 gentium
1170 4145 1195 4187 et
1206 4144 1377 4186 mansuetus

171 4200 275 4252 aeeluiae
285 4199 365 4252 coitus
373 4208 411 4276 est
420 4201 543 4276 pronitus
553 4201 673 4261 Abtsbae,
683 4200 788 4252 domino
795 4209 827 4252 ad
835 4218 892 4252 eum
922 4201 1012 4277 inepte,
1027 4201 1057 4252 lu
1068 4209 1094 4253 te
1105 4201 1377 4253 benedicenturomnes

171 4276 260 4332 gentes
271 4261 364 4316 tamt.⁶
375 4265 445 4315 Duut
456 4266 575 4317 dominus
585 4267 619 4317 sd
631 4267 725 4327 Dsuid,
736 4267 803 4318 Cum
813 4268 979 4332 compleuens
989 4267 1044 4317 dies
1055 4275 1111 4317 tuos
1121 4277 1148 4317 ut
1161 4267 1239 4318 usdss
1249 4266 1283 4318 sd
1294 4277 1377 4333 pstses

173 4341 239 4390 tuos.
250 4330 377 4383 suscitabo
387 4346 473 4381 semen
485 4340 565 4392 tuum,
577 4339 604 4382 et
614 4347 663 4397 ego
673 4347 718 4384 eso
728 4333 751 4382 ei
763 4333 790 4382 in
807 4342 912 4399 petrem.
926 4340 951 4382 et
968 4332 1022 4397 ipse
1038 4332 1085 4383 etit
1102 4332 1164 4383 mibi
1180 4333 1207 4383 in
1224 4332 1312 4392 fitium.
1323 4333 1377 4397 ipse

172 4395 305 4448 aediticsbit
317 4395 378 4446 milti
390 4392 504 4446 domum²
689 4410 698 4448 t
704 4408 718 4461 ς
734 4397 761 4447 in
772 4396 916 4458 ssnctitste]
926 4395 953 4445 .i.
967 4397 1078 4448 ostendit
1088 4396 1238 4463 bit-profeta
1248 4397 1377 4464 quomodo

171 4462 276 4512 domino
286 4460 446 4512 seruiendum
457 4470 503 4523 est,
515 4461 541 4512 itt
552 4463 685 4514 seuctitste
696 4461 813 4514 uidelicet
824 4472 849 4513 et
861 4458 966 4511 iustitis⁸

356 4671 468 4716 matt
606 4672 685 4716 usa.
838 4672 915 4715 titis.
1069 4673 1147 4717 uss.
1225 4650 1229 4658 '
1299 4673 1379 4719 ussa.

271 4723 327 4768 Gen.
336 4721 395 4767 :vlit
408 4726 439 4767 ιΙ.
603 4723 614 4756 ²
627 4738 640 4767 s
654 4723 709 4777 Μ.
719 4722 757 4767 vlt.
769 4737 837 4774 tris.
1007 4723 1017 4753 ⁸
1031 4723 1195 4768 Mem.
1205 4724 1303 4768 ithai.
