3052 5220
110 131 150 175 *it
329 117 397 162 <mli
407 115 542 160 flon'ls's'
559 111 785 159 l2'.i'c‘l:'ltl’7'.tE
804 111 856 156 DE
876 110 1088 158 PSALTEA’IO.

106 278 150 365 T]
194 282 450 365 Appropinquet
467 281 655 363 deprecatio
671 299 745 342 mea
761 279 794 342 in
811 288 989 363 conspectu
1006 288 1065 343 tuo
1081 279 1217 344 domine

108 383 167 449 395
194 369 289 432 iuxta
305 368 472 451 eloquium
490 377 583 432 tuum
602 367 645 430 da
661 366 740 430 mihi
757 365 973 430 intellectum¹

197 454 300 518 lntret
317 454 498 537 postulatio
513 472 588 518 mea
603 454 635 516 in
651 462 829 536 conspectu
845 461 905 517 tuo

195 541 376 604 secundum
391 540 559 625 eloquium
576 548 671 604 tuum
687 539 778 623 eripe
794 538 861 602 me'

198 627 273 691 Fiat
291 647 409 692 manus
425 638 483 692 tua
498 637 535 692 ut
551 626 659 691 saluet
675 646 728 690 me

196 715 353 797 quoniam
372 715 529 780 mandata
544 725 603 778 tua
618 713 717 798 clegi⁸

110 818 176 880 400
200 799 310 884 Quere
327 821 458 866 seruum
475 811 569 866 tuum
586 802 720 866 domine

197 889 275 972 quia
291 889 451 954 mandata
465 899 523 954 tua
540 909 604 953 non
621 909 695 953 sum
711 888 846 953 oblitus⁴

199 977 344 1041 Domine
360 977 463 1041 libera
477 977 622 1041 animam
640 996 748 1040 meam

198 1084 217 1126 a
234 1063 329 1128 labiis
345 1065 465 1148 iniquis
481 1074 514 1128 et
537 1063 649 1148 lingua
665 1063 792 1127 dolosa¹

110 1166 172 1233 405
200 1150 356 1215 Miserere
372 1152 474 1216 nostri
490 1151 624 1215 domine
640 1152 793 1216 miserere
810 1151 925 1215 nostri⁶

199 1236 364 1303 Conuerte
380 1240 514 1305 domine
530 1240 758 1322 captiuitatem
776 1249 921 1304 nostram

198 1326 283 1391 sicut
300 1338 426 1392 torrens
443 1328 475 1391 in
492 1328 616 1391 austro'

201 1414 253 1477 De
269 1415 440 1497 profundis
456 1414 598 1479 clamaui
614 1415 656 1479 ad
673 1425 707 1480 te
722 1415 913 1481 domine⁸
901 1375 960 1461 ³

200 1502 334 1566 domine
349 1503 473 1566 exaudi
490 1522 606 1566 uocem
624 1523 733 1567 meam

112 1603 179 1665 410
203 1588 301 1653 Fiant
316 1609 411 1653 aures
427 1599 494 1653 tuae
511 1589 721 1653 intendentes

202 1675 234 1737 in
251 1694 368 1740 uocem
384 1675 627 1759 deprecationis
644 1677 740 1740 meae⁹

201 1760 236 1825 Si
254 1761 445 1844 iniquitates
462 1763 690 1826 obseruaueris
707 1763 841 1826 domine

201 1847 334 1912 domine
349 1850 423 1931 quis
438 1850 639 1913 sustinebit¹⁰

202 1934 439 2018 Inquacunque
455 1935 508 1999 die
524 1935 721 1999 inuocauero
736 1945 770 1999 te
785 1934 908 1999 exaudi
925 1954 979 1999 me

113 2033 176 2099 415
202 2019 438 2104 multiplicabis
454 2023 486 2085 in
503 2023 615 2085 anima
632 2042 705 2085 mea
721 2023 904 2085 uirtutem¹¹

202 2104 315 2191 Opera
332 2127 489 2172 manuum
505 2117 636 2171 tuarum
654 2129 695 2172 ne
711 2109 892 2192 dispicias¹'

203 2194 248 2258 Et
264 2194 340 2258 uide
356 2195 383 2258 si
401 2195 455 2258 uia
471 2195 653 2277 iniquitatis
670 2197 701 2258 in
720 2215 772 2258 me
788 2204 839 2258 est

201 2290 234 2343 ct
251 2280 358 2344 deduc
376 2301 428 2344 me
445 2283 476 2344 in
494 2282 548 2345 uia
563 2283 713 2345 aeterna¹³

206 2367 306 2449 Eripe
323 2388 376 2432 me
392 2369 525 2432 domine
542 2370 584 2433 ab
600 2369 734 2432 homine
751 2369 840 2433 malo

116 2471 182 2532 420
205 2476 224 2517 a
240 2455 311 2519 uiro
328 2456 440 2540 iniquo
455 2457 545 2540 eripe
562 2459 640 2521 me¹⁴

205 2542 344 2609 Custodi
362 2565 414 2608 mc
430 2545 563 2609 domine
580 2545 621 2609 de
639 2565 738 2609 manu
756 2545 936 2629 peccatoris

204 2632 247 2695 ab
263 2631 451 2697 hominibus
468 2633 587 2715 iniquis
603 2634 692 2717 eripe
709 2634 788 2696 me¹³

207 2718 287 2782 Dixi
305 2720 440 2784 domino
456 2721 538 2785 deus
555 2741 648 2785 meus
664 2742 699 2785 es
715 2731 751 2785 tu

204 2808 328 2871 exaudi
345 2828 459 2871 uocem
477 2809 716 2891 deprecationis
733 2805 843 2872 meae¹⁸

117 2909 158 2970 42
165 2907 179 2972 5
209 2893 352 2958 Domine
368 2895 501 2959 domine
518 2897 621 2959 uirtus
637 2896 753 2959 salutis
771 2915 854 2958 meae

205 2981 411 3045 obumbrasti
428 3003 527 3067 super
542 2993 642 3065 caput
660 3002 769 3046 meum
787 2983 819 3044 in
836 2982 889 3045 die
905 2979 1008 3046 belii¹5

206 3067 283 3130 Non
301 3070 413 3133 tradas
430 3069 564 3133 domine
579 3070 742 3134 desiderio
759 3089 834 3132 meo
849 3070 1010 3152 peccatori

205 3155 435 3238 cogitauerunt
451 3167 565 3220 contra
582 3177 635 3220 me

206 3260 246 3303 ne
262 3241 471 3325 derelinquas
489 3264 542 3306 me
558 3264 599 3307 ne
616 3244 698 3307 sorte
714 3243 931 3307 exaltentur¹⁸

117 3342 183 3406 430
207 3326 352 3392 Domine
367 3329 508 3394 clamaui
526 3332 567 3393 ad
584 3341 618 3394 te
633 3331 755 3395 exaudi
773 3350 826 3394 me

205 3394 340 3478 intende
357 3418 429 3480 uoci
445 3419 602 3481 orationis
620 3439 702 3481 meae
719 3437 793 3480 cum
810 3417 996 3481 clamauero
1011 3415 1054 3480 ad
1069 3415 1129 3480 te¹'

206 3499 377 3586 Dirigatur
391 3504 497 3568 oratio
514 3524 588 3568 mea
603 3506 687 3569 sicut
705 3505 874 3568 incensum
891 3504 924 3568 in
940 3511 1118 3587 conspectu
1134 3511 1195 3566 tuo

204 3588 348 3653 eleuatio
365 3610 523 3654 manuum
542 3612 688 3655 mearum
705 3591 898 3655 sacrificium
915 3589 1167 3675 uespertinum¹⁹

208 3675 297 3739 Pone
314 3676 449 3740 domine
465 3679 649 3742 custodiam
667 3680 713 3742 ori
732 3699 807 3742 meo

117 3780 137 3839 4
142 3778 158 3842 3
164 3775 179 3841 5
204 3773 237 3826 ct
254 3761 400 3828 hostium
417 3765 673 3829 circumstantiae
691 3765 785 3830 labiis
802 3766 910 3830 meis¹¹

154 3961 162 3991 ¹
176 3961 211 4004 Pr
220 3960 292 4005 cxviii.
304 3965 345 4014 ido
448 3963 507 4009 ¹1³2,
515 3963 587 4008 cxviii
600 3980 642 4018 1711.
777 3966 787 3995 ⁸
800 3964 836 4008 Pr
845 3964 918 4008 cxviii.
929 3979 971 4018 tn.

118 4012 270 4105 pkeggua.
368 4013 634 4118 *Ρ1-.111111ἱ>11ι7113.1
628 4016 686 4058 7Ρ1.
696 4028 757 4058 cxxv.
769 4032 841 4108 bh
863 4015 1053 4109 xuftffiw'

119 4114 136 4142 ¹
151 4077 310 4156 exeruisti.
438 4115 454 4144 ¹⁸
469 4079 634 4159 Paga&
611 4131 629 4168 7.
778 4116 795 4144 ¹⁴
810 4116 845 4159 Pr.
850 4079 939 4160 buzith.
950 4131 970 4168 7.

120 4165 185 4206 ’“Ρ1.
194 4163 283 4207 cxxxix.
290 4178 310 4217 9
437 4166 455 4195 ¹⁹
469 4166 504 4209 Pr.
513 4168 554 4210 cxi.
566 4181 583 4208 1.
778 4165 798 4194 ¹⁰
810 4166 844 4209 Px
854 4168 895 4210 cxl.
906 4182 927 4210 1.
