3052 5220
326 656 328 660 ·
364 631 579 684 ORATIONBS
593 630 824 683 EXCERPTAE
839 631 896 682 DE
911 630 1130 684 PSALTERIO.
1305 640 1349 696 151

153 795 199 881 T]
238 796 384 862 Do'mine
399 798 523 863 exaudi
539 797 721 862 orationem
738 817 848 863 meam

240 895 275 950 et
290 884 415 950 clamor
430 905 524 973 meus
539 884 632 972 adte
648 884 773 950 ueniat¹

241 971 318 1035 Non
334 981 465 1037 auertas
481 971 599 1036 saciern
615 980 708 1036 tuam
724 990 745 1035 a
760 991 816 1035 me

241 1057 275 1121 in
289 1077 488 1142 quacunque
502 1059 556 1122 die
571 1057 709 1123 tribulor
723 1057 844 1122 inclina
858 1057 902 1122 ad
918 1078 972 1122 rne
987 1077 1100 1123 aurem
1117 1067 1209 1122 tuam

157 1159 217 1227 275
244 1144 284 1209 In
300 1164 498 1230 quacunque
513 1145 567 1209 die
582 1144 780 1210 inuocauero
794 1154 829 1209 te

241 1230 398 1296 uelociter
411 1232 534 1296 exaudi
551 1227 618 1296 me'

243 1318 449 1383 Paucitatem
464 1318 592 1382 dierum
609 1337 757 1382 meorum
774 1317 890 1382 nuntia
904 1314 999 1382 rnihi⁸

243 1404 297 1469 Ne
312 1424 447 1470 reuoces
463 1425 517 1469 me
533 1405 565 1470 in
582 1403 737 1469 demedio
751 1404 878 1470 dierum
895 1401 1057 1469 meorum⁴

243 1489 417 1557 Memento
431 1493 534 1557 nostri
549 1491 683 1556 domine
699 1491 732 1556 in
748 1491 957 1577 beneplacito
973 1490 1086 1578 populi
1102 1491 1150 1557 tui
1235 1540 1238 1547 .

244 1579 359 1644 uissita
374 1599 434 1644 nos
450 1580 483 1644 in
499 1579 633 1645 salutari
648 1580 721 1645 tuo⁶

157 1642 223 1709 ²⁸⁰
239 1665 453 1732 Peccauimus
469 1687 545 1732 cum
562 1666 711 1751 patribus
727 1668 847 1733 nostris

247 1753 368 1820 iniuste
382 1755 511 1838 egimus
527 1755 735 1838 iniquitatem
753 1754 902 1820 lecimus⁶

246 1839 365 1907 Saluos
381 1840 432 1907 lac
448 1862 508 1907 nos
524 1842 658 1907 domine
674 1842 755 1908 deus
771 1853 884 1908 noster

243 1939 278 1994 et
292 1949 458 2014 congrega
474 1950 534 1994 nos
550 1930 592 1994 de
609 1931 810 1995 nationibus'

159 2013 219 2097 285
246 2015 385 2083 Saluum
402 2016 454 2082 sac
469 2017 590 2082 dextra
604 2025 664 2083 tua
677 2026 712 2084 et
727 2017 851 2083 exaudi
868 2015 935 2081 me⁸

245 2100 316 2188 lDa
331 2104 426 2171 nobis
441 2105 605 2171 auxilium
622 2105 664 2170 de
679 2105 891 2172 tribulatione
1254 2097 1290 2190 [l'.
1307 2119 1357 2186 29.

246 2191 325 2276 quia
340 2213 426 2257 uana
441 2191 530 2259 salus
546 2192 704 2259 hominis’

247 2278 293 2344 Et
309 2289 345 2345 tu
362 2280 496 2346 domine
511 2281 646 2346 domine
663 2281 713 2345 lac
730 2300 860 2345 mecum
877 2289 1012 2364 propter
1026 2297 1148 2343 nornen
1163 2287 1259 2342 tuum

245 2366 324 2449 quia
338 2367 451 2432 suauis
466 2378 518 2434 est
533 2367 756 2433 misericordia
770 2377 829 2432 tua

161 2467 226 2532 ²90
248 2453 369 2519 Libera
384 2456 464 2520 me¹⁰
479 2456 558 2541 quia
572 2475 698 2542 egenus
713 2465 748 2520 et
763 2474 889 2540 pauper
902 2475 966 2538 ego
981 2449 1081 2518 sum¹¹

248 2539 386 2606 Adiuua
401 2562 455 2606 me
471 2543 605 2608 domine
620 2543 703 2608 deus
719 2562 814 2608 meus

247 2626 378 2693 saluum
394 2649 449 2694 me
464 2629 515 2696 lac
530 2630 713 2695 secundum
730 2627 987 2694 misericordiam
1004 2628 1124 2693 tuam¹'

249 2713 281 2780 Ο
297 2715 432 2781 domine
448 2716 550 2782 libera
565 2718 710 2782 animam
728 2736 837 2781 meam
853 2736 874 2779 a
889 2714 1163 2800 persequentibus
1179 2714 1281 2779 eam¹⁸

249 2801 433 2868 misericors
448 2805 602 2869 dominus
618 2814 653 2869 et
669 2805 775 2869 iustus

161 2901 222 2972 295
248 2888 330 2954 deus
346 2901 458 2956 noster
472 2891 575 2955 nostri
592 2887 824 2957 miserebitur¹⁴

248 2975 280 3042 Ο
296 2975 431 3041 domine
445 2978 524 3061 quia
538 2998 603 3061 ego
616 2998 732 3044 seruus
747 2988 825 3042 tuus

246 3081 310 3144 ego
324 3082 439 3128 seruus
454 3073 532 3128 tuus
547 3074 582 3129 et
597 3063 683 3128 filius
698 3063 826 3129 ancillae
841 3072 917 3127 tuae.

247 3147 427 3233 Disrupisti
443 3150 577 3215 uincula
591 3153 701 3215 mea¹⁶

248 3233 430 3300 Odomine
446 3236 575 3301 saluum
592 3235 643 3300 lac
731 3287 743 3301 ,

161 3336 225 3402 300
247 3320 429 3387 Odomine
445 3321 530 3387 bene
546 3323 763 3407 prosperarc¹⁸

248 3409 324 3474 Non
342 3430 383 3473 ne
399 3409 606 3494 derelinquas
623 3408 887 3493 usquequaque¹'

248 3494 325 3560 Non
341 3498 479 3581 repellas
495 3517 549 3561 rne
564 3518 585 3561 a
600 3495 766 3561 mandatis
781 3495 874 3560 tuis¹⁸

248 3582 406 3650 Retribue
421 3605 518 3649 seruo
533 3594 592 3649 tuo
606 3584 693 3648 uiam

246 3679 281 3733 et
297 3672 482 3736 custodiam
499 3691 667 3735 sermones
682 3670 781 3735 tuos¹⁸

162 3769 222 3837 305
250 3756 375 3821 Revela
390 3758 503 3824 oculos
520 3778 612 3822 meos

247 3854 281 3908 et
297 3845 514 3911 considerabo
530 3845 691 3911 mirabilia
706 3844 748 3909 de
764 3843 836 3927 lege
851 3839 936 3908 tua’⁰

249 3930 363 3997 Incola
378 3952 442 4017 ego
457 3954 530 3999 sum
547 3933 580 3997 in
596 3942 683 3998 terra

248 4039 314 4083 non
330 4020 515 4086 abscondas
530 4042 550 4085 a
566 4041 619 4085 me
635 4019 794 4084 mandata
809 4019 891 4083 tua¹¹

249 4105 355 4172 Aufer
369 4129 389 4172 a
405 4129 459 4172 me
473 4108 686 4192 obprobrium
702 4117 736 4171 et
751 4113 982 4188 contemptum

163 4208 227 4274 310
248 4194 328 4278 quia
342 4196 535 4260 testimonia
550 4205 609 4260 tua
626 4195 838 4279 exquissiui¹²

247 4282 404 4348 Adhaesit
420 4283 614 4367 pauimento
628 4283 740 4347 anima
756 4302 832 4346 mea

215 4411 268 4466 294
286 4409 314 4455 et
328 4398 417 4455 iustus
430 4417 482 4454 om.
496 4400 522 4454 T
534 4401 588 4455 ins.
601 4398 646 4454 T*

198 4494 321 4541 mets.
431 4496 556 4551 ’λάμ
690 4496 831 4557 'Pucino
942 4492 1078 4546 theras.
1181 4492 1310 4585 'Pam

160 4545 337 4642 im...
426 4549 602 4642 lmus
688 4547 848 4650 lituu
935 4544 1100 4647 tuelle
1174 4542 1240 4586 ’ἡ

163 4646 344 4698 “harilao
431 4649 607 4694 ”hesdin
690 4648 881 4693 ”haebben

159 4697 351 4744 *hmmrb
428 4700 619 4754 ”mmmm
692 4698 884 4744 'Pecudibus
