3052 5220
571 377 576 384 0

373 642 588 696 ORATIONES
600 640 832 694 EXCERPYAE
850 641 904 694 DE
919 640 1138 694 PSALTERIO.
1311 652 1358 704 1⁴9

154 809 200 896 T]
241 811 317 894 Ego
332 809 405 876 dixi
420 810 555 877 domine
571 809 725 874 miserere
740 809 805 874 mei

239 918 322 962 sana
336 899 483 962 animam
500 917 610 962 meam
625 897 784 981 quoniam
801 897 936 980 peccaui
952 896 1026 962 tibi²

244 984 298 1050 Tu
313 994 426 1050 autem
442 984 577 1050 domine
592 984 763 1048 misserere
778 985 843 1048 mei
859 992 894 1048 et
908 983 1067 1049 resuscita
1081 984 1147 1048 me’

244 1071 359 1138 ludica
374 1090 428 1136 me
443 1069 526 1136 deus

160 1172 215 1242 195
241 1169 276 1224 et
290 1160 440 1224 discerne
454 1176 590 1224 eausam
606 1176 716 1223 meam
732 1157 775 1222 de
789 1167 889 1242 gente
905 1177 971 1223 non
987 1166 1102 1224 sancta

241 1246 285 1312 ab
300 1246 434 1311 homine
608 1264 714 1329 usque
887 1245 1061 1311 ueritatem
1078 1247 1186 1312 tuam⁸

155 1334 173 1365 1
262 1330 279 1365 1
369 1330 387 1365 1
478 1330 495 1365 1
585 1330 603 1365 1
691 1331 710 1370 1
800 1329 817 1364 1
907 1329 924 1364 1
1018 1331 1035 1366 1
1123 1333 1142 1368 1
1230 1330 1248 1365 1
1337 1330 1354 1365 1

242 1422 335 1505 lEgo
349 1441 429 1487 uero
443 1440 567 1505 egenus
581 1432 616 1485 et
631 1440 758 1504 pauper
770 1440 845 1484 sum
1223 1416 1355 1507 [solas.

243 1509 325 1573 deus
341 1507 464 1574 adiuua
480 1527 533 1572 me

242 1595 389 1661 Adiutor
403 1615 497 1661 meus
511 1607 545 1660 et
560 1594 715 1660 liberator
730 1614 824 1659 meus
836 1615 871 1659 es
888 1604 924 1660 tu

158 1699 223 1751 200
243 1684 379 1749 domine
395 1703 437 1748 ne
452 1684 599 1749 moreris⁴

247 1771 286 1836 ln
302 1781 336 1836 te
351 1772 485 1836 domine
500 1771 629 1856 speraui
646 1790 712 1835 non
728 1770 912 1836 confundar
927 1771 959 1836 in
975 1773 1140 1836 eternum⁸

245 1860 278 1923 in
294 1869 352 1923 tua
367 1859 494 1924 iustitia
509 1859 610 1924 libera
626 1879 680 1923 me
695 1870 729 1924 et
743 1859 833 1945 eripe
849 1879 903 1924 me

247 1947 374 2011 Inclina
388 1947 431 2010 ad
448 1967 502 2012 me
518 1966 631 2011 aurem
647 1956 740 2011 tuam
756 1957 791 2011 et
805 1947 899 2012 salua
914 1946 982 2011 me⁶

247 2034 332 2099 Esto
347 2033 427 2098 mihi
443 2034 477 2099 in
493 2035 593 2098 deum
611 2044 830 2117 protectorem
846 2047 880 2100 et
896 2036 929 2099 in
946 2035 1053 2099 locum
1071 2034 1236 2101 munitum

160 2133 219 2201 205
246 2130 283 2184 ut
298 2121 427 2185 saluum
444 2140 498 2186 me
513 2120 614 2186 iacias

248 2207 417 2291 Quoniam
433 2207 678 2273 firmamentum
695 2228 806 2273 meum
820 2216 855 2273 et
871 2208 1034 2292 refugium
1051 2228 1163 2273 meum
1179 2228 1215 2273 es
1232 2211 1282 2273 tu'

248 2294 330 2359 deus
345 2315 439 2360 meus
454 2295 543 2380 eripe
560 2294 672 2360 mede
688 2316 787 2360 manu
804 2297 985 2381 peccatoris

247 2394 281 2448 et
297 2385 339 2448 de
356 2396 456 2448 manu
472 2392 588 2448 contra
602 2383 711 2468 legem
727 2384 856 2468 agentis
872 2394 905 2448 et
921 2383 1037 2467 iniqui⁸

250 2470 432 2554 chleatur
446 2491 484 2535 os
500 2490 611 2535 meum
627 2471 661 2536 in
677 2470 775 2535 laude
790 2481 848 2535 tua
863 2480 901 2534 ut
916 2480 1048 2536 cantem
1064 2469 1204 2554 gloriam
1219 2479 1314 2535 tuam

164 2573 228 2623 210
250 2567 322 2623 tota
337 2558 391 2623 die
407 2557 670 2641 magnitudinem
691 2560 799 2623 tuam‘

252 2644 328 2709 Non
345 2646 496 2728 proiicias
514 2664 567 2709 me
582 2645 615 2708 in
632 2654 783 2729 tempore
798 2645 979 2708 senectutis

249 2753 325 2797 cum
341 2732 483 2796 defficiet
499 2733 604 2796 uirtus
620 2751 751 2796 meane
767 2730 974 2813 derelinquas
991 2733 1071 2794 me¹⁰

251 2818 343 2882 Deus
360 2838 401 2882 ne
415 2818 601 2900 elongueris
617 2839 637 2882 a
653 2838 706 2882 me

250 2906 332 2970 deus
349 2925 443 2970 meus
458 2905 492 2969 in
508 2906 707 2970 adiutorium
721 2924 833 2969 meum
850 2904 1001 2988 respice¹¹

165 3005 226 3074 215
253 2992 346 3056 Deus
362 3013 404 3057 ne
419 2991 628 3075 derelinquas
645 3012 706 3056 me.
752 2991 869 3057 Donec
885 2992 1081 3056 annuntiam

251 3079 421 3144 brachium
438 3089 533 3143 tuum
549 3079 753 3161 generationi
768 3079 859 3143 omni
875 3098 951 3162 quae
968 3087 1108 3142 uentura
1122 3077 1201 3142 est¹¹

253 3166 305 3231 Ne
320 3166 432 3230 tradas
448 3166 551 3231 bestis
566 3166 713 3229 animam
729 3163 944 3230 confitentem
960 3164 1020 3229 tibi

251 3253 379 3316 animas
395 3272 576 3334 pauperum
593 3262 724 3316 tuorum
741 3271 782 3315 ne
797 3251 1001 3315 obliuiscaris
1017 3252 1051 3314 in
1063 3250 1190 3315 finem¹⁸

253 3339 401 3423 Respice·
413 3340 446 3402 in
462 3347 701 3402 testamentum
717 3347 813 3402 tuum
829 3338 908 3421 quia
923 3337 1038 3421 repleti
1055 3346 1132 3402 sunt
1238 3347 1241 3354 '

168 3443 232 3492 220
253 3428 310 3510 qui
326 3427 492 3490 obscurati
507 3435 585 3490 sunt
601 3435 696 3489 terrae
712 3425 866 3488 domibus
882 3425 1122 3508 iniquitatum¹⁴

254 3514 305 3578 Ne
322 3514 509 3577 memineris
526 3513 739 3595 iniquitatum
756 3521 941 3576 nostrarum
957 3512 1167 3596 antiquarum

252 3602 320 3665 cito
335 3600 519 3684 anticipent
535 3620 595 3664 nos
612 3598 844 3663 misericordiae
864 3609 932 3663 tuae

253 3689 331 3772 quia
346 3706 508 3771 pauperes
525 3686 601 3751 sacti
618 3707 733 3751 sumus
750 3683 874 3749 nimis¹⁸

253 3776 390 3840 Adiuua
405 3794 466 3838 nos
481 3775 564 3839 deus
578 3774 731 3838 salutaris
748 3783 859 3837 noster

167 3876 227 3945 225
253 3871 387 3948 propter
401 3861 540 3945 gloriam
557 3861 700 3926 nominis
715 3861 763 3926 tui
779 3861 913 3925 domine
930 3860 1031 3925 libera
1047 3880 1107 3924 nos

254 3960 288 4014 et
303 3949 465 4035 propitius
480 3960 554 4014 esto
570 3950 714 4033 peccatis
730 3950 851 4013 nostris

254 4048 387 4122 propter
403 4057 523 4102 nomen
539 4047 634 4101 tuum
651 4038 810 4102 domine¹⁸

254 4126 378 4191 Excita
393 4126 577 4209 potentiam
593 4135 684 4189 tuam
701 4135 735 4189 et
751 4126 826 4188 ueni
843 4135 880 4189 ut
895 4126 1005 4188 saluos
1022 4123 1120 4189 facies
1137 4125 1220 4188 nos¹²

255 4213 347 4278 Deus
364 4214 523 4279 uirtutum
540 4222 696 4278 conuerte
711 4233 771 4278 nos

169 4320 187 4367 2
192 4319 233 4384 30
255 4312 288 4367 et
305 4302 443 4367 ostende
460 4300 577 4366 faciem
593 4311 686 4365 tuam
703 4311 737 4365 et
752 4300 835 4366 salui
851 4301 1000 4364 erimus¹⁸

207 4516 333 4569 ¹1²&le

167 4567 308 4610 ‘Pernen

169 4617 311 4661 ’huna

167 4668 352 4720 ”hunum
