3052 5220
138 531 184 583 160
411 525 575 579 HYMNUS
589 524 637 577 ΙΝ
648 522 817 576 LAUDEM
828 521 856 573 S.
876 518 1054 572 PATRICII.

141 1029 196 1127 T]
382 1031 551 1128 llucrrrr
576 1051 707 1103 uuuus
734 1048 869 1102 saucrr
898 1025 1082 1100 Parrucu.
1216 1022 1257 1123 [s.
1278 1046 1333 1117 3²·

329 1254 405 1331 Cce
423 1254 540 1354 fulget
557 1251 757 1327 clarissima
778 1249 922 1326 Patricii
941 1246 1196 1346 sollempnitas

379 1358 414 1432 in
433 1382 506 1455 qua
523 1380 633 1430 carne
650 1353 821 1452 deposita
839 1350 925 1428 selix
943 1348 1172 1425 transcendit
1189 1349 1314 1425 sidera

220 1505 295 1600 Qui
316 1531 402 1580 mox
420 1532 443 1580 a
459 1504 616 1604 pueritia
633 1503 759 1578 diuina
777 1502 908 1601 plenus
926 1500 1047 1600 gratia

219 1606 335 1680 uitam
353 1607 451 1705 cepit
469 1605 622 1703 diligere
639 1604 832 1704 dignitatis
849 1599 1028 1703 angelicae

172 1771 191 1842 5
224 1746 299 1821 Hic
319 1747 415 1821 felici
433 1748 604 1845 prosapia
622 1748 730 1820 natus
748 1763 805 1821 est
824 1746 858 1819 in
883 1745 1064 1820 Brittania

220 1849 470 1946 perceptdque
487 1849 710 1924 babtismate
727 1846 851 1922 studet
869 1846 916 1921 ad
934 1846 1009 1922 alta
1025 1844 1178 1921 tendere

223 2002 299 2076 Sed
319 2001 522 2076 futurorum
540 2001 715 2100 praescius
733 2000 896 2076 clemens
914 2021 951 2077 et
970 2020 1091 2077 rector
1104 2000 1281 2076 dominus

222 2102 319 2176 hunc
337 2101 471 2177 direxit
489 2101 697 2200 apostolum
720 2101 915 2177 Hiberniae
932 2102 980 2177 ad
998 2099 1177 2200 populum

226 2253 318 2328 Erat
337 2280 484 2352 nanque
503 2255 581 2331 haec
602 2255 719 2333 insola
736 2257 844 2332 bonis
862 2273 970 2332 terrae
989 2254 1174 2330 fructifera

154 2378 198 2430 io
223 2355 288 2429 sed
308 2354 447 2431 cultore
466 2356 620 2433 idolatra
633 2356 871 2457 mergebatur
887 2356 935 2431 ad
947 2354 1081 2430 ,infima

224 2504 287 2577 Ad
306 2503 400 2577 hanc
419 2504 549 2578 doctor
565 2504 739 2603 egregius
757 2503 961 2579 adueniens
982 2504 1160 2580 Patricius

224 2603 448 2702 praedicabat
466 2604 668 2704 gentilibus
685 2605 787 2703 quod
805 2604 958 2679 tenebat
975 2605 1153 2703 operibus

225 2750 447 2827 Confluebat
464 2752 653 2851 gentilitas
671 2752 718 2828 ad
737 2752 817 2827 eius
835 2773 963 2829 sancta
980 2754 1123 2829 monita

225 2871 262 2927 et
281 2878 460 2950 respuens
478 2853 667 2929 diabulum
687 2854 832 2929 colebat
851 2880 978 2957 regern
996 2855 1162 2931 omnium

158 3029 198 3100 ¹5
228 3003 502 3103 Gaudebatque
520 3007 561 3080 se
579 3006 732 3083 liberam
752 3032 918 3084 remease
936 3008 984 3083 ad
1003 3010 1159 3108 patriam

227 3131 302 3203 qua
319 3109 501 3204 serpentis
519 3110 655 3183 astutia
673 3107 774 3183 ollim
793 3109 948 3207 expulsa
966 3109 1084 3186 luerat

229 3257 469 3356 Quapropter
485 3259 712 3335 dilectissimi
731 3259 840 3333 huius
859 3260 895 3333 in
913 3257 1022 3336 laude
1040 3259 1207 3359 praesulis

240 3357 439 3456 psallamus
459 3360 610 3436 Christo
627 3361 800 3436 cordibus
817 3360 1042 3438 alternantes
1059 3380 1097 3438 et
1115 3361 1269 3438 uocibus

232 3508 287 3583 Ut
306 3508 400 3582 illius
418 3507 594 3608 suffragio
607 3507 749 3584 liberati
768 3533 790 3582 a
808 3507 898 3583 uitio

155 3631 203 3683 20
229 3610 460 3707 perfruamur
477 3608 514 3682 in
531 3608 649 3708 gloria
667 3609 809 3684 uisione
826 3605 993 3708 angelica

233 3757 333 3830 Laus
351 3756 446 3855 patri
463 3758 512 3833 sit
529 3777 568 3832 et
585 3757 661 3832 filio
678 3783 761 3831 cum
780 3756 909 3855 spiritu
928 3753 1104 3854 paraclito

229 3857 291 3954 qui
310 3882 388 3932 suae
406 3859 506 3933 dond
523 3859 654 3958 gratiae
672 3859 844 3934 misertus
861 3876 918 3933 est
941 3853 1144 3930 Hiberniae.

1119 3979 1239 4032 amen.

207 4264 255 4349 W]
273 4281 289 4336 3
307 4284 360 4322 om.
373 4286 391 4323 a
427 4267 550 4340 puericia
584 4269 679 4339 gracia
793 4270 955 4340 4angelice
1080 4270 1253 4338 sortuspro
1265 4275 1350 4322 uatus

207 4337 351 4394 Britannia
439 4340 643 4412 obaptismate
678 4358 729 4396 om.
743 4342 781 4397 ad
877 4342 961 4408 7Ser
997 4349 1088 4396 rectus
1176 4337 1350 4399 81¹1beme

152 4426 309 4482 9namque
345 4409 436 4466 insula
472 4423 545 4466 terre
700 4424 791 4468 roser
828 4413 954 4482 ydolatra
1099 4425 1128 4466 ιι
1146 4355 1349 4480 gentiliiusW

151 4481 281 4551 gentibus
295 4481 350 4534 W*
459 4497 489 4548 14
507 4482 650 4537 diabolum
760 4498 769 4537 1
776 4497 789 4554 ς
808 4500 949 4540 remeasse
1069 4482 1101 4536 1⁶
1118 4479 1247 4537 hastucia
1280 4479 1350 4535 olim

152 4568 182 4607 ει
205 4552 232 4607 in
240 4557 298 4624 pro
309 4550 345 4608 sit
357 4564 385 4608 et
493 4567 524 4607 22
544 4570 595 4609 suo
633 4553 777 4622 Hybemie
