3052 5220
512 665 678 722 Hrutws
695 666 966 723 UESPERTINUS.

246 1023 486 1124 [Parasino
513 1048 554 1100 ru
585 1024 771 1101 Hrunuu
800 1024 974 1101 Crarrsra
1001 1047 1071 1111 ow
1092 1047 1173 1101 rvr
1195 1023 1270 1123 es]

217 1223 240 1282 F
294 1185 472 1284 Ambrosius
485 1220 532 1283 sui
550 1238 665 1300 epscop
677 1219 703 1282 is
717 1221 755 1283 he
770 1220 896 1283 doronai
916 1221 998 1283 hunc
1017 1238 1141 1300 ymnum
1154 1220 1197 1286 do
1210 1220 1312 1282 molad
1326 1221 1357 1281 in

216 1309 242 1364 ts
293 1304 398 1366 icceda
417 1301 513 1365 ocusi
528 1302 668 1364 naidche
681 1320 714 1364 as
728 1302 775 1364 dir
792 1321 811 1363 a
828 1301 980 1362 chantain.
1022 1302 1083 1364 Tre
1096 1299 1196 1364 cithim
1210 1300 1357 1365 doromd.

214 1385 284 1447 Sect
303 1385 395 1465 captil
414 1383 476 1446 and
495 1403 560 1446 ocus
579 1383 620 1446 da
639 1383 700 1446 line
721 1383 815 1445 cecha
834 1383 927 1462 coptil
947 1401 1013 1444 oms
1032 1401 1066 1445 se
1086 1381 1191 1445 sillaba
1211 1382 1269 1448 dec
1282 1383 1358 1445 cech

216 1465 277 1528 lini.

494 1854 688 1958 [Hrunus
719 1855 1021 1958 Ussuanrruus]

478 2052 659 2189 CHriste
673 2053 730 2137 qui
746 2051 812 2119 lux·
822 2074 857 2118 es
872 2063 907 2119 et
921 2054 994 2118 dies

584 2141 692 2207 noctis
707 2142 863 2207 tenebras
881 2142 1003 2226 detigis

475 2227 624 2312 lucisque
639 2228 751 2294 lumen
768 2230 912 2294 crederis
1034 2305 1037 2312 Ι

475 2316 588 2380 lumen
603 2315 753 2399 cre(a)tis
768 2317 964 2400 praedicans.

477 2449 656 2516 Precamur
671 2460 786 2515 sancte
801 2451 937 2516 dominc

476 2536 620 2604 defende
631 2557 693 2603 nos
710 2538 744 2602 in
760 2537 822 2603 hac
839 2549 938 2605 nocte

478 2626 522 2691 sit
538 2625 634 2691 nobis
650 2625 683 2690 in
699 2635 733 2691 te
749 2626 877 2710 requies

478 2713 627 2797 quietam
643 2720 776 2778 noctem
793 2713 909 2778 tribue.

476 2849 546 3000 {lNe
560 2849 671 2935 grauis
686 2868 846 2933 sompnus
863 2849 965 2913 irruat

501 2938 582 3001 ostis
599 2956 641 3001 ne
656 2956 717 3001 nos
732 2936 887 3019 surripiat

477 3043 555 3088 caro
570 3022 617 3088 iiii
632 3023 819 3089 consentiat

477 3130 539 3174 nos
554 3109 615 3176 tibi
630 3129 705 3175 reos
719 3117 857 3177 statuat.

478 3246 577 3314 Oculi
592 3268 771 3332 sompnum
786 3249 921 3332 capiant
1036 3316 1040 3324 ,

476 3355 534 3400 cor
548 3354 680 3419 semper
694 3335 737 3400 ad
753 3345 787 3401 te
803 3335 928 3419 uigelat

478 3422 620 3488 dextera
635 3431 694 3486 tua
708 3432 862 3506 protegat

479 3506 624 3574 iamuios
639 3508 697 3593 qui
713 3518 746 3573 te
761 3508 912 3591 diligunt.

480 3645 648 3710 Defensor
663 3655 776 3711 noster
790 3646 901 3730 aspice

478 3732 692 3798 insidiantem
709 3732 851 3817 reprime

479 3820 627 3905 guberna
642 3831 719 3885 tuos
735 3820 878 3885 famulos

477 3927 562 3991 quos
576 3908 738 3991 sanguine
755 3919 919 3974 mercatus
933 3929 977 3973 es.

481 4038 655 4102 Memento
671 4041 775 4106 nostri
790 4041 926 4106 domine

478 4127 510 4189 in
527 4125 620 4210 graui
637 4127 702 4192 isto
717 4148 854 4213 corpore

478 4224 514 4279 tu
529 4233 566 4277 es
581 4213 736 4280 defensor
750 4217 873 4282 animae

477 4301 595 4366 adesto
610 4301 707 4366 nobis
721 4303 863 4368 domine

477 4435 592 4502 Gloria
606 4437 692 4521 patri
708 4437 857 4524 ingenito

476 4525 582 4608 gloria
597 4525 769 4610 unigenito

477 4611 575 4676 simul
590 4632 666 4676 cum
683 4613 800 4697 spiritu
815 4623 938 4678 sancto

477 4699 509 4763 in
526 4700 729 4783 sempiterno
744 4699 865 4767 seculo.
