3052 5220
373 655 590 709 ORATIONBS
602 646 834 709 EXCE'RPTAE
849 655 905 708 DE
920 645 1137 709 PSALTERIO.
1312 667 1358 721 147

153 818 201 905 T]
243 820 295 886 Ne
310 819 409 885 simul
424 818 538 887 tradas
554 840 608 885 me
622 819 945 923 compeccatoribus

159 924 221 973 rto
242 917 369 973 etcum
384 906 623 993 operantibus
614 907 824 1010 iniquitatem
841 927 883 972 ne
898 907 1080 993 perdediris
1095 908 1162 972 me¹

245 995 284 1061 In
299 1005 334 1061 te
349 994 484 1061 domine
498 995 629 1079 speraui
645 1015 712 1060 non
727 992 936 1060 conlundar‘
926 1015 960 1060 tn
976 1002 1137 1060 aeternum

243 1082 276 1148 in
292 1093 351 1148 tua
367 1082 492 1148 iustitia
506 1083 610 1149 libera
626 1086 692 1147 me¹
786 1094 789 1104 ·

245 1170 372 1237 inclina
386 1172 429 1236 ad
446 1190 500 1235 me
515 1189 626 1235 aurem
637 1180 737 1234 tuam
753 1170 899 1235 accelera
912 1178 950 1235 ut
965 1189 1060 1236 eruas
1077 1190 1130 1235 me

244 1257 329 1324 Esto
344 1258 449 1323 mihi
440 1278 474 1323 m
489 1258 590 1324 deum
607 1267 826 1342 protectorem

161 1360 220 1428 115
245 1347 328 1411 etin
344 1345 482 1411 domum
498 1345 615 1429 refugii
632 1356 669 1410 ut
685 1345 814 1410 saluum
832 1365 885 1410 me
902 1343 1015 1411 lacies⁸

245 1432 412 1519 Quoniam
428 1433 587 1500 fortitudo
603 1452 678 1498 mea
691 1443 726 1498 et
741 1432 902 1518 refugium
917 1454 1028 1499 meum
1043 1455 1079 1500 es
1095 1443 1130 1500 tu

244 1532 278 1586 et
294 1530 428 1606 propter
442 1540 564 1587 nomen
579 1529 675 1586 tuum
690 1521 834 1586 deduces
851 1541 905 1587 me
921 1532 954 1586 et
969 1523 1114 1588 enutries
1131 1520 1198 1587 me‘

245 1609 377 1676 Educes
395 1629 448 1674 me
463 1607 506 1674 de
521 1609 641 1692 laqueo
655 1607 718 1673 hoc
733 1628 833 1692 quem
850 1611 1130 1675 abscondiderunt
1146 1610 1226 1677 mihi

243 1697 401 1781 quoniam
416 1705 454 1761 tu
465 1716 501 1761 es
517 1704 683 1780 protector
698 1698 805 1760 mcus⁸

161 1800 223 1849 120
247 1784 285 1849 in
302 1803 420 1849 manus
436 1795 510 1849 tuas
526 1784 661 1848 domine
675 1785 875 1850 commendo
889 1786 1041 1869 spiritum
1059 1805 1170 1851 meum

244 1871 404 1937 redimisti
422 1891 474 1936 me
491 1871 625 1936 domine
640 1871 722 1935 deus
738 1872 899 1937 ueritatis·

245 1958 403 2024 Miserere
418 1959 482 2024 mei
499 1958 633 2023 domine
644 1959 802 2042 quoniam
818 1961 966 2026 tribulor¹

245 2046 346 2130 Eripe
364 2067 417 2111 me
433 2047 475 2112 de
490 2066 590 2111 manu
607 2046 813 2111 inimicorum
831 2068 978 2114 meorum

244 2143 278 2198 et
295 2155 314 2197 a
330 2134 603 2218 persequentibus
619 2135 686 2198 me⁸

162 2237 200 2283 12
205 2233 219 2301 5
248 2220 380 2285 illustra
394 2220 512 2286 faciem
528 2230 621 2286 tuam
637 2240 735 2306 super
749 2242 882 2286 seruum
899 2230 994 2288 tuum

245 2310 374 2374 saluum
392 2327 445 2373 me
462 2308 513 2373 iac
528 2309 562 2373 in
579 2308 801 2373 misericordia
816 2310 886 2373 tua⁰

245 2396 379 2460 domine
394 2416 454 2462 nec
469 2395 653 2461 confundar
662 2397 820 2479 quoniam
836 2397 987 2462 inuocaui
1004 2400 1064 2463 te¹⁸

250 2483 419 2548 Delictum
437 2503 548 2548 meum
561 2484 731 2567 cognitum
747 2484 806 2548 tibi
823 2481 884 2547 leci

246 2582 280 2635 et
294 2571 490 2636 iniustitiam
507 2590 616 2635 meam
633 2590 699 2635 non
715 2570 916 2636 abscondedi

164 2674 225 2740 130
248 2657 329 2722 Dixi
346 2656 527 2724 confitebor
541 2658 716 2723 aduersum
733 2677 787 2722 me
802 2658 997 2723 iniustitiam
1015 2679 1123 2725 meam
1140 2659 1277 2727 domino

245 2754 280 2808 et
294 2754 330 2810 tu
347 2746 500 2811 remisisti
517 2745 722 2830 impietatem
740 2746 866 2830 peccati
884 2745 974 2810 mei¹¹

246 2831 298 2896 Tu
314 2853 351 2897 es
367 2832 528 2916 refugium
547 2852 658 2896 meum
674 2851 695 2896 a
709 2832 920 2898 tribulatione
935 2853 1001 2917 que
1015 2835 1220 2901 circundedit
1235 2856 1289 2901 me

245 2919 409 2983 exultatio
425 2938 500 2983 mea
514 2939 591 2982 eruc
607 2938 660 2983 me
676 2939 696 2982 a
710 2920 978 2985 circundantibus
995 2923 1073 2986 me¹¹
1123 2916 1126 2923 ’

246 3004 321 3069 Fiat
336 3006 470 3070 dominc
486 3005 708 3070 misericordia
722 3015 781 3069 tua
795 3026 894 3090 super
908 3027 968 3071 nos

163 3105 220 3174 135
245 3091 528 3175 quemadmodum
544 3082 752 3176 sperauimus
768 3093 802 3157 in
817 3094 878 3157 tc¹⁸
981 3102 989 3113 ‘

248 3177 363 3244 ludica
377 3179 512 3243 domine
528 3187 684 3243 nocentes
700 3197 754 3241 me

244 3284 403 3349 expugna
418 3265 653 3350 impugnantes
670 3264 748 3327 me¹⁴

246 3351 472 3436 Apprehende
487 3372 579 3416 arma
593 3362 628 3415 et
643 3360 776 3415 scutum

244 3450 277 3502 et
293 3458 420 3522 exurge
437 3440 469 3504 in
486 3438 685 3503 adiutorium
702 3437 809 3501 mihi¹⁸

162 3543 224 3607 140
247 3524 391 3590 Effunde
407 3524 566 3589 frameam
582 3535 617 3589 et
631 3524 792 3590 conclude

245 3613 404 3677 aduersus
419 3632 477 3676 eos
494 3613 551 3696 qui
567 3621 782 3694 persecuntur
797 3631 851 3675 me

245 3699 298 3765 dic
314 3700 426 3764 anima
441 3719 515 3763 mea
530 3701 620 3764 salus
635 3709 694 3764 tua
708 3719 772 3782 ego
786 3700 888 3763 sum¹⁸

244 3786 405 3872 lDomine
419 3787 555 3870 quando
570 3787 724 3870 respicies
1196 3787 1264 3876 [sol.
1282 3791 1355 3872 24b.

246 3875 381 3939 restitue
396 3874 541 3938 animam
559 3893 668 3938 meam
684 3895 704 3938 a
720 3875 927 3959 malignitate
940 3895 1052 3940 eorum

164 3975 221 4043 145
246 3981 267 4026 a
281 3961 423 4026 lionibus
439 3962 569 4026 unicam
587 3963 722 4026 meam¹¹

246 4049 324 4113 Non
339 4049 599 4133 supergaudiant
615 4049 695 4113 mihi
711 4050 768 4135 qui
783 4051 1001 4115 aduersantur
1017 4051 1096 4115 mihi
1114 4052 1224 4136 inique

245 4137 300 4221 qui
316 4137 468 4200 odicrunt
485 4155 538 4199 me
553 4136 655 4219 gratis
670 4148 704 4202 et
720 4147 870 4202 annuunt
882 4138 1011 4202 oculis¹⁸

247 4222 371 4290 Uidisti
388 4224 522 4287 domine
537 4244 579 4288 ne
594 4223 692 4288 sileas

244 4312 378 4376 domine
394 4331 435 4374 ne
450 4310 602 4375 discedas
617 4331 637 4374 a
653 4310 732 4376 me¹’

195 4517 356 4571 'Pamin
408 4517 520 4560 'hm

155 4565 321 4680 :egiulfo
399 4568 567 4671 'zanni-¹7

155 4666 348 4762 rasin
400 4668 466 4711 ”¹²2
477 4667 578 4721 ἢ»
