3052 5220
110 35 271 319 Ι
356 313 363 327 κ

1167 400 1170 407 ι

352 460 358 471 ι

416 610 580 666 HYMNUS
594 609 645 662 ΙΝ
655 609 826 664 mm
836 610 864 664 S.
882 609 1079 663 BRIGIDAE.
1305 615 1348 666 161

154 1089 205 1191 T]
404 1090 552 1167 Incurr
577 1113 710 1167 rursus
737 1113 894 1167 snucrn
924 1091 1107 1167 Bnrcrrat

324 1313 452 1390 Hoebi
470 1314 571 1391 diem
590 1313 660 1390 lert
678 1313 800 1390 orbita
818 1312 968 1413 plenum
987 1316 1132 1393 decoris
1149 1314 1270 1416 gratia

371 1442 435 1517 qur
426 1416 604 1518 Brigitae
615 1442 683 1515 pro
694 1415 819 1492 laurea
830 1420 970 1495 mundo
982 1418 1166 1494 ministrat
1175 1417 1354 1520 gaudium

234 1566 346 1643 Hanc
364 1568 472 1667 spina
488 1584 667 1667 tanquam
685 1566 800 1643 lilium
818 1569 930 1668 stirps
949 1570 1101 1669 protulit
1120 1568 1330 1646 mortalium

233 1669 431 1769 splendore
449 1670 571 1746 carnis
589 1669 752 1746 nobilem
771 1671 932 1748 candore
951 1673 1073 1748 carnis
1090 1672 1247 1750 celibem

184 1846 204 1922 5
238 1823 345 1901 Haec
359 1849 427 1924 pro
445 1823 616 1923 supernis
634 1824 767 1899 cedere
786 1824 906 1900 carnis
925 1825 1020 1928 lugit
1038 1824 1228 1928 blanditiae

231 1926 349 2029 (egris
367 1925 450 2002 tulit
468 1925 653 2001 leuamina
670 1927 868 2026 egentibus
886 1926 1025 2003 cibaria
1209 1927 1249 2028 [s.
1273 1926 1357 2024 32b.

237 2079 450 2200 Sponsique
468 2105 535 2178 per
552 2077 771 2197 suffragium
790 2078 925 2156 hostile
943 2081 1031 2155 uisit
1049 2080 1232 2179 premium

236 2181 354 2282 signis
367 2201 406 2257 et
423 2199 507 2256 actu
525 2181 652 2256 uiuere
670 2179 711 2255 st
729 2199 911 2256 monstrat
930 2183 1030 2258 aruis
1048 2182 1172 2258 celicae

239 2333 302 2411 Ob
321 2332 534 2410 Salemonis
551 2332 710 2434 gloriam
729 2331 875 2431 reliquit
893 2334 1131 2432 AEthiopiam

168 2459 214 2512 ιο
238 2453 372 2511 ornant
390 2435 499 2510 oliuae
516 2435 708 2510 uasculum
727 2434 852 2535 regale
867 2455 988 2510 sumat
1007 2434 1185 2512 ferculum

243 2584 340 2662 Haec
356 2611 508 2704 gemma
526 2586 625 2686 regis
644 2584 787 2686 fulgida
807 2585 944 2660 Numae
962 2586 1133 2662 kalendis
1151 2587 1290 2662 sarcina

240 2687 362 2763 soluta
378 2689 499 2763 carnis
518 2687 633 2762 celica
650 2686 868 2761 conscendit
886 2687 933 2761 ad
952 2686 1089 2785 palatia

242 2837 321 2915 Ubi
340 2836 508 2913 laborum
526 2837 669 2936 premio
688 2837 761 2911 iam
780 2855 930 2936 compta
948 2836 1039 2913 flore
1057 2836 1177 2914 lacteo

240 2939 346 3040 gregi
365 2938 521 3014 adheret
538 2939 698 3014 candido
716 2963 816 3039 agno
833 2964 971 3015 canens
990 2938 1171 3015 altissimo

174 3113 215 3186 15
245 3090 333 3186 Quo
350 3114 419 3164 nos
438 3089 590 3187 pudoris
608 3089 800 3188 speculum
818 3090 956 3166 uirtute
974 3088 1045 3163 duc
1063 3090 1316 3187 precatminum

242 3190 434 3265 laudemus
452 3206 493 3263 ut
510 3214 578 3288 pro
595 3190 856 3288 gratia'tecum
876 3209 1069 3290 regentem
1087 3189 1212 3264 secula

247 3340 347 3414 Laus
365 3339 413 3413 sit
430 3338 525 3436 patri
540 3337 619 3411 laus
637 3336 713 3412 filio
731 3337 810 3412 laus
830 3338 968 3412 flamini
988 3340 1224 3415 sanctissimi>

244 3440 306 3514 uni
325 3436 619 3514 substantialiter
632 3438 805 3536 trinoque
822 3438 1069 3537 personaliter

1073 3565 1194 3615 amen.

225 4770 337 4827 marn
364 4757 476 4825 mrim
