3052 5220
151 685 200 735 20⁴
488 671 652 726 HYMNUS
669 670 892 736 QUICUNQUE
912 669 1019 725 UULY.

159 822 201 908 F]
225 823 270 889 Et
286 833 399 888 tamen
416 844 482 888 non
498 822 558 889 tris
573 823 619 888 dii
634 824 693 888 sed
709 843 793 887 unus
808 832 859 887 est
873 823 955 887 deus

226 912 279 976 lta
294 911 450 976 dominus
465 921 560 995 pater
575 911 729 976 dominus
744 909 831 974 filius
847 909 1001 975 dominus
1016 918 1051 973 et
1066 907 1202 993 spiritus
1222 919 1360 973 sanetus

227 998 273 1063 Et
288 1008 401 1063 tamen
418 1017 483 1063 non
500 998 559 1062 tris
574 997 701 1063 domini
717 997 776 1062 sed
792 1016 877 1061 unus
892 1009 943 1062 est
959 995 1084 1061 domini

162 1098 199 1165 25
226 1082 316 1168 Quia
348 1085 432 1150 sicut
463 1084 656 1169 singulatim
687 1103 946 1168 unamquanque
982 1102 1159 1168 personam
1187 1082 1291 1149 deum
1326 1091 1361 1147 et

248 1171 486 1236 dominum
502 1169 650 1237 confiteri
666 1170 855 1237 Christiana
871 1171 1011 1237 ueritate
1025 1168 1258 1254 compellimur

231 1258 282 1323 Ita
299 1259 357 1323 tris
374 1259 454 1324 deos
469 1268 528 1325 aut
543 1258 602 1323 tris
617 1258 771 1323 dominos
787 1259 896 1325 dicere

227 1345 393 1411 catholica
409 1346 566 1430 religione
581 1344 795 1429 prohibemur

230 1433 328 1497 Pater
341 1454 361 1497 a
377 1433 467 1498 nullo
482 1442 533 1499 est
548 1432 654 1498 iactus
669 1452 730 1497 nec
745 1442 876 1498 creatus
890 1451 950 1496 nec
966 1430 1098 1516 genitus

165 1534 209 1599 30
231 1519 335 1583 Filius
351 1540 370 1584 a
386 1529 480 1605 patre
495 1517 567 1584 solo
581 1527 632 1584 est
647 1538 713 1583 non
729 1517 838 1584 lactus
853 1539 913 1585 nec
928 1529 1058 1585 creatus
1073 1518 1131 1584 sed
1147 1517 1283 1602 genitus

231 1604 375 1689 Spiritus
390 1616 524 1671 sanctus
539 1625 559 1670 a
574 1615 669 1689 patre
684 1614 718 1671 et
734 1604 803 1671 filio

231 1711 297 1757 non
314 1690 419 1759 lactus
436 1711 495 1758 nec
510 1701 640 1757 creatus
654 1692 714 1757 sed
730 1692 913 1778 procedens

231 1777 328 1846 Unus
345 1799 424 1863 ergo
438 1788 533 1882 pater
547 1799 614 1843 non
630 1780 689 1844 tris
707 1790 818 1863 patres
833 1800 919 1845 unus
934 1779 1021 1846 filius
1038 1799 1106 1845 non
1121 1762 1181 1845 tris
1197 1776 1258 1843 lilii

230 1885 315 1931 unus
330 1875 365 1932 et
379 1866 512 1969 spiritus
527 1875 662 1931 sanctus
677 1886 743 1932 non
758 1867 819 1933 tris
833 1867 967 1953 spiritus
982 1867 1087 1934 sancti

168 1967 206 2035 35
233 1954 303 2019 Et
294 1975 327 2018 m
343 1954 405 2018 hac
420 1952 568 2020 trinitate
583 1953 665 2019 nihil
680 1954 770 2041 prius
784 1963 843 2021 aut
857 1955 1022 2041 posterius

232 2041 313 2105 nihil
330 2041 436 2107 maius
451 2052 509 2107 aut
525 2041 633 2107 minus

232 2125 300 2194 Sed
315 2138 397 2193 totae
411 2127 470 2193 tris
486 2148 635 2232 personae
650 2139 685 2196 et
700 2140 862 2195 coeternae
878 2128 940 2196 sibi
956 2139 1082 2196 suntet
1097 2127 1276 2223 coequales

234 2214 287 2279 Ita
302 2225 339 2280 ut
354 2235 413 2299 per
426 2216 540 2280 omnia
554 2216 664 2281 sicut
655 2236 722 2280 ram
736 2210 964 2319 supradictum
980 2226 1031 2283 est

232 2311 266 2366 et
282 2302 392 2366 unitas
407 2301 441 2366 in
456 2302 604 2367 trinitate
618 2313 653 2368 et
667 2304 798 2369 trinitas
813 2303 848 2368 in
863 2304 992 2369 unitate
1007 2302 1196 2368 ueneranda
1211 2303 1257 2367 sit

167 2403 212 2466 40
234 2386 300 2469 Qui
317 2388 388 2452 uult
403 2408 483 2471 ergo
497 2389 609 2454 saluus
623 2410 696 2454 esse
711 2390 758 2455 ita
773 2390 815 2455 de
830 2391 979 2456 trinitate
993 2391 1117 2456 sentiat

236 2472 303 2539 Sed
327 2475 548 2540 necessarium
565 2485 615 2540 est
630 2475 674 2540 ad
690 2486 850 2541 aetemam
866 2477 1008 2541 salutem

235 2569 272 2624 ut
288 2560 548 2626 incarnationem
563 2582 697 2647 quoque
712 2562 838 2627 domini
855 2563 957 2628 nostri
976 2564 1051 2628 lesu
1067 2561 1190 2628 Christi

235 2648 462 2732 unusquisque
477 2647 619 2713 fideliter
633 2651 746 2715 credat

237 2733 299 2799 Est
315 2754 394 2818 ergo
409 2734 493 2800 fides
508 2745 597 2800 recta
612 2745 649 2800 ut
663 2736 837 2801 credamus
852 2746 887 2801 et
901 2734 1119 2802 conliteamur

169 2836 210 2902 45
235 2821 314 2904 quia
329 2821 484 2886 dominus
496 2831 607 2887 noster
625 2822 715 2887 Iesus
728 2822 879 2889 Christus
893 2823 980 2888 filius
995 2823 1049 2889 dei
1065 2823 1147 2888 deus
1158 2833 1192 2888 et
1204 2822 1371 2888 homoest

237 2906 330 2972 Deus
344 2918 396 2973 est
411 2928 455 2973 ex
470 2909 657 2975 substantia
672 2910 776 2994 patris
791 2920 870 2975 ante
883 2910 996 2975 secula
1015 2910 1149 2995 genitus

237 2994 384 3060 ethomo
399 3004 510 3061 estex
526 2996 714 3062 substantia
730 2997 846 3063 matris
862 2997 895 3062 in
911 2997 1021 3063 secula
1037 3007 1135 3064 natus

238 3081 406 3147 Perfectus
421 3083 502 3148 deus
517 3083 681 3168 perfectus
703 3083 805 3149 homo

237 3189 281 3233 ex
297 3169 407 3234 anima
424 3169 575 3235 rationali
591 3180 625 3235 et
639 3171 787 3237 humana
802 3191 900 3236 carne
914 3171 1097 3238 subsistens

175 3270 216 3334 50
237 3255 390 3339 AEqualis
407 3258 492 3340 patri
508 3259 691 3323 secundum
708 3258 919 3324 diuinitatem

240 3343 346 3407 minor
361 3353 455 3427 patre
470 3345 654 3411 secundum
669 3344 912 3412 humanitatem

240 3427 306 3512 Qui
322 3429 399 3496 licet
414 3430 495 3497 deus
510 3432 555 3498 sit
570 3442 604 3499 et
619 3432 721 3497 homo

239 3535 306 3580 non
322 3515 389 3581 duo
403 3527 516 3583 tamen
531 3519 590 3584 sed
606 3539 690 3583 unus
705 3528 758 3585 est
773 3517 924 3587 Christus

242 3601 338 3667 Unus
354 3613 466 3670 autem
482 3625 548 3670 non
564 3607 780 3671 conuersione
794 3605 1004 3673 diuinitatis
994 3625 1028 3670 m
1043 3623 1142 3670 earne

175 3702 213 3770 55
239 3689 298 3753 sed
314 3691 541 3794 assumptione
555 3693 796 3759 humanitatis
786 3713 820 3759 ιιι
836 3696 900 3760 deo

242 3775 338 3842 Unus
354 3798 492 3844 omnino
501 3799 567 3844 non
579 3780 789 3847 confussione
800 3780 996 3848 substantrae
1005 3778 1065 3844 sed
1076 3776 1203 3842 unitate
1218 3795 1375 3862 personae

240 3862 329 3927 Nam
345 3864 431 3931 sicut
445 3866 559 3931 anima
574 3867 744 3933 rationalis
760 3879 795 3934 et
809 3889 887 3935 earo
901 3887 986 3933 uuus
1002 3875 1053 3932 est
1068 3865 1170 3930 homo

238 3949 285 4014 ita
301 3951 383 4015 deus
398 3962 433 4017 et
447 3952 550 4019 homo
565 3973 650 4019 unus
665 3965 717 4021 est
732 3955 884 4022 Christus

237 4035 318 4121 {Qui
340 4037 474 4122 (passus
497 4050 548 4105 est
567 4061 628 4124 pro
648 4041 757 4108 salute
779 4042 907 4126 nostra)
929 4037 1116 4122 desc(endit
1137 4035 1181 4102 ad
1207 4034 1277 4121 [sot
1294 4037 1375 4120 23b.

171 4123 215 4188 60
324 4123 460 4209 inser)os
476 4127 574 4191 tertia
584 4128 639 4192 die
653 4127 846 4211 (resurrexit
862 4150 883 4194 a
898 4126 1051 4210 mortuis)

238 4210 403 4277 Ascendit
432 4212 476 4277 ad
506 4213 596 4279 celos
623 4212 749 4300 (sedet)
774 4217 818 4283 ad
842 4216 1018 4282 dexteram
1045 4212 1099 4278 dei
1128 4210 1375 4295 omnipotentis

323 4298 417 4381 (inde
432 4300 607 4384 uenturus)
623 4301 815 4368 iudicare'
783 4323 879 4369 uiuos
895 4302 945 4388 (et
961 4301 1123 4380 mortuos)

239 4384 310 4468 (Ad
327 4386 422 4450 euius
437 4386 620 4453 aduentum
636 4391 770 4475 omnes)
784 4390 937 4456 homines
959 4406 1129 4470 resurgere
1151 4387 1278 4453 habent
1293 4405 1374 4452 cum

326 4474 519 4576 corporibus
557 4477 625 4540 suis
655 4486 689 4542 et
723 4478 883 4545 reddituri
913 4487 992 4543 sunt
1025 4475 1068 4541 de
1096 4474 1239 4562 propriis
1273 4471 1377 4541 iactis

171 4561 211 4641 65
325 4561 489 4626 rationem

240 4647 285 4712 Et
300 4667 357 4731 qur
349 4647 463 4714 bona
476 4660 617 4734 egerunt
632 4648 753 4718 ibunt
743 4672 777 4717 ιιι
793 4652 898 4719 uitam
913 4661 1073 4719 aetemam

236 4735 293 4817 qui
309 4755 390 4801 uero
405 4735 518 4801 mala
509 4756 543 4802 ιιι
559 4737 672 4822 iguem
688 4748 850 4806 aetemum
