3052 5220
162 639 208 694 150
378 625 592 679 ORATIONES
605 626 836 678 EXCERPTAB
851 626 906 677 DE
922 625 1140 679 PSALYERIO.

161 793 207 884 T]
251 795 395 859 Domine
411 795 492 858 deus
509 793 667 857 uirtutum
684 792 807 856 exaudi
823 793 1006 858 orationem
1023 812 1132 857 meam

250 883 384 946 auribus
401 883 532 966 percipe
549 881 630 944 deus
649 878 761 945 lacob¹

253 971 422 1034 Protector
437 978 550 1032 noster
563 969 674 1051 aspice
690 967 771 1031 deus

251 1068 285 1121 et
301 1057 427 1140 respice
443 1057 476 1120 in
493 1056 609 1120 faciem
626 1054 748 1120 Christi
768 1050 828 1118 tui¹

166 1159 226 1226 235
253 1143 418 1210 Conuerte
434 1164 494 1207 nos
510 1143 592 1207 deus
608 1143 752 1207 salutum
770 1151 953 1205 nostrarum

252 1241 287 1296 et
302 1243 414 1296 auerte
430 1231 510 1295 iram
528 1240 620 1295 tuam
636 1250 657 1293 a
672 1231 780 1294 nobis⁸

254 1319 382 1382 Inclina
397 1318 530 1383 domine
546 1337 658 1381 aurem
674 1326 766 1380 tuam
785 1316 863 1379 mihi
879 1327 912 1380 et
928 1315 1051 1379 exaudi
1068 1336 1122 1380 me

253 1406 410 1488 quoniam
427 1406 523 1487 inops
538 1414 573 1469 et
588 1424 715 1488 pauper
728 1424 802 1467 sum
818 1407 894 1486 ego⁴

254 1491 393 1557 Custodi
410 1493 554 1556 animam
572 1510 680 1554 meam
696 1491 851 1574 quoniam
868 1500 1002 1554 sanctus
1018 1510 1092 1554 sum

167 1595 231 1659 240
254 1579 384 1642 saluum
402 1578 452 1642 lac
468 1598 599 1643 seruum
616 1588 711 1642 tuum
729 1578 810 1642 deus
827 1598 919 1642 meus
935 1587 1124 1659 sperantem
1145 1577 1178 1640 in
1194 1579 1242 1641 tel

254 1666 411 1730 Miserere
427 1667 491 1729 mei
508 1665 641 1729 domine
656 1667 812 1748 quoniam
830 1666 872 1729 ad
887 1675 921 1729 te
936 1665 1088 1730 clamabo
1101 1674 1174 1729 tota
1188 1664 1256 1728 die⁸

256 1753 388 1819 laetifica
402 1754 546 1818 animam
563 1752 649 1816 serui
665 1753 713 1817 tui

253 1842 331 1925 quia
346 1842 389 1904 ad
405 1851 438 1906 te
454 1841 588 1905 domine
603 1841 748 1904 animam
767 1860 874 1904 meam
895 1840 1014 1905 leuaui²
1101 1858 1103 1862 ⁴

253 1927 436 2013 [Quoniam
452 1939 489 1992 tu
506 1928 639 1992 domine
654 1928 767 1992 suauis
782 1938 816 1992 et
833 1929 922 1992 mitis
1203 1926 1272 2011 [sol.
1291 1927 1366 2008 25lx

167 2032 228 2098 245
253 2026 287 2080 et
304 2016 418 2080 multae
434 2015 664 2079 misericordiae
680 2024 747 2079 tuae
762 2016 915 2080 omnibus
932 2015 1162 2081 inuocantibus
1177 2017 1225 2079 tel

254 2104 401 2168 Auribus
417 2104 548 2186 percipe
564 2103 697 2166 domine
712 2103 894 2166 orationem
911 2122 1019 2167 meam

253 2202 287 2255 et
304 2191 438 2254 intende
454 2190 528 2252 uoci
544 2189 784 2272 deprecationis
801 2192 897 2253 meae⁰

255 2277 372 2340 Deduc
389 2296 443 2340 me
459 2276 592 2340 domine
608 2277 641 2339 in
658 2277 712 2338 uia
727 2285 785 2339 tua

252 2375 286 2428 et
303 2363 465 2447 ingrediar
481 2363 513 2425 in
531 2363 703 2426 ueritatem
720 2374 812 2426 tuam

168 2465 231 2530 250
253 2451 384 2514 laetetur
398 2469 454 2513 cor
470 2469 580 2513 meum
597 2460 633 2512 ut
650 2449 766 2512 timeat
783 2468 903 2511 nomen
920 2451 1042 2513 tuum¹⁰

255 2536 299 2601 Et
315 2547 350 2600 tu
367 2536 501 2599 domine
516 2535 597 2598 deus
615 2535 786 2598 miserator
800 2544 834 2598 et
851 2536 1033 2599 misericors

255 2624 384 2709 pptiens
399 2633 432 2686 et
449 2622 562 2685 multae
579 2621 808 2685 misericordiae
824 2631 858 2685 ct
874 2623 1003 2685 uerax¹¹

256 2711 398 2792 Respice
414 2709 447 2771 in
464 2728 517 2772 me
532 2718 566 2772 et
583 2709 735 2772 miserere
752 2709 816 2772 mei

256 2798 298 2860 da
315 2797 488 2879 imperium
504 2805 599 2858 tuum
617 2814 719 2878 puero
734 2804 793 2858 tuo

171 2898 230 2965 255
256 2895 289 2947 et
305 2883 433 2947 saluum
451 2880 501 2946 lac
517 2881 619 2945 filium
636 2881 771 2945 ancellae
787 2882 880 2944 tuae¹¹

259 2971 286 3033 F
288 2990 325 3033 ac
343 2989 470 3032 mecum
488 2969 619 3051 signum
637 2968 774 3032 inbono

258 3067 294 3121 ut
310 3057 445 3120 uideant
460 3056 516 3137 qui
531 3055 683 3118 odierunt
698 3065 732 3118 te
747 3064 780 3118 et
796 3053 1040 3119 confundantur

260 3143 426 3227 Quoniam
443 3152 478 3206 tu
495 3143 629 3206 domine
644 3142 808 3205 adiuuasti
826 3162 878 3205 me
894 3152 928 3205 et
943 3143 1132 3208 consolatus
1150 3163 1186 3207 es
1202 3145 1283 3207 me¹³

264 3231 366 3295 lntret
381 3231 487 3294 oratio
502 3250 576 3293 mea
593 3230 625 3292 in
641 3240 820 3312 conspectu
837 3239 896 3293 tuo

175 3320 239 3383 260
261 3319 382 3382 inclina
397 3338 508 3382 aurem
526 3329 617 3381 tuam
634 3319 676 3380 ad
692 3337 822 3400 precem
843 3317 977 3381 meam¹⁴

261 3405 461 3471 Conuertere
477 3405 610 3468 domine
626 3425 799 3488 usquequo

259 3504 292 3558 et
310 3493 524 3577 deprecabilis
539 3502 613 3556 esto
627 3513 726 3575 super
740 3512 853 3556 seruos
869 3493 970 3556 tuos¹⁸

262 3580 306 3646 Et
323 3582 447 3664 respice
464 3583 496 3644 in
512 3601 624 3645 seruos
641 3591 716 3645 tuos
732 3591 765 3644 et
781 3581 813 3642 in
828 3600 929 3664 opera
944 3589 1002 3644 tua

261 3681 294 3732 et
311 3670 414 3752 dirige
431 3669 514 3733 filios
529 3669 669 3732 eorum¹⁸

175 3758 235 3837 265
263 3756 307 3821 Et
323 3759 367 3821 sit
382 3757 539 3840 splendor
553 3756 677 3819 domini
695 3755 747 3819 dei
765 3755 865 3819 nostri
881 3775 980 3839 super
995 3774 1054 3818 nos

260 3854 294 3908 et
310 3864 411 3929 opera
426 3863 583 3907 manuum
601 3854 784 3907 nostrarum
802 3843 905 3925 dirige
920 3861 1019 3926 super
1034 3861 1094 3904 nos

260 3941 293 3994 et
309 3951 394 4014 opus
412 3950 569 3994 manuum
587 3940 771 3994 nostrarum
788 3930 917 4012 dirige¹¹

1092 4052 1189 4118 Pater
1203 4063 1326 4119 noster.

335 4243 404 4307 Eus
422 4242 454 4305 in
471 4241 671 4305 adiutorium
689 4260 799 4303 meum
817 4240 951 4305 intende

173 4345 236 4408 270
377 4329 511 4393 domine
527 4329 569 4393 ad
586 4328 811 4392 adiuuandum
830 4348 882 4392 me
899 4326 1044 4391 lestina¹l

207 4487 214 4515 ¹
229 4486 263 4527 Px.
274 4486 356 4530 lxxxiii.
366 4502 385 4540 9.
537 4487 547 4514 ¹
561 4488 596 4530 Px.
606 4486 687 4529 lxxxiii.
700 4501 729 4529 ro.
853 4488 862 4517 ³
876 4487 910 4529 Pa.
920 4487 1000 4530 lxxxiv.
1010 4501 1029 4539 5.
1180 4486 1191 4514 ⁰
1203 4483 1239 4527 Px
1249 4484 1322 4527 lxxxv.
1335 4498 1353 4528 ι.

168 4537 177 4564 ⁸
192 4537 226 4578 Pe
237 4537 308 4579 lxxxv.
320 4553 338 4580 2.
512 4539 522 4567 ⁸
536 4538 570 4580 1³..
581 4538 652 4579 lxxxv.
664 4552 682 4590 3.
852 4537 862 4568 ⁷
877 4542 911 4580 Px.
921 4538 993 4580 lxxxv.
1003 4554 1022 4590 ⁴·
1181 4533 1191 4563 ⁸
1204 4534 1240 4578 Px.
1249 4535 1322 4578 lxxxx.
1332 4548 1352 4587 ς.

168 4588 178 4615 ’
192 4587 226 4631 Px·
238 4589 308 4630 lxxxv.
319 4591 338 4631 6.
504 4590 523 4618 ¹⁰
536 4588 570 4631 Px.
582 4590 652 4630 lxxxv.
666 4602 695 4630 u.
840 4588 856 4618 ¹¹
871 4587 905 4630 Px.
917 4589 987 4631 lxxxv.
1000 4602 1030 4640 rs.
1172 4585 1190 4615 ¹⁸
1203 4585 1237 4628 Px
1248 4585 1320 4629 lxxxx.
1333 4587 1365 4628 16·

169 4638 186 4667 ¹⁸
200 4639 234 4681 Px
246 4639 318 4682 lxxxv.
330 4654 359 4692 ry.
503 4640 520 4669 ¹⁴
535 4640 568 4682 Px.
579 4638 667 4699 lxxxvii.
679 4653 697 4692 ³·
838 4638 854 4667 ¹⁸
868 4638 903 4682 Px.
913 4639 994 4682 lxxxix.
1006 4652 1035 4692 ry
1169 4637 1187 4667 ¹⁴
1199 4636 1236 4680 Px.
1245 4634 1326 4680 lxxxix
1338 4637 1370 4680 16.

169 4688 187 4719 ¹¹
200 4689 234 4733 Px
245 4689 326 4733 lxxxix.
338 4705 368 4743 ry.
506 4690 524 4720 ¹⁸
537 4691 571 4733 Px
583 4691 633 4732 lxix.
645 4704 662 4730 ι.
