3052 5220
125 116 154 166 ,ιδ’
280 113 444 160 lll'lln'lls
460 116 484 158 br
510 112 692 161 univimus!
709 114 755 160 ΙΝ
768 113 935 163 LAUDEM
949 115 976 161 S.
1002 112 1177 162 MARTINI.

666 672 795 759 uon-r

167 805 208 891 T]
250 810 299 885 iol.
317 830 335 887 9
350 811 382 870 r‘n
396 820 458 888 rap.
475 830 568 888 rirarg.
612 812 688 872 Dure
702 808 804 887 primae
819 821 920 872 autes
934 808 1058 889 singulis
1071 826 1219 870 annorum
1234 808 1334 870 termi-

127 904 235 951 nantur
259 891 488 966 ebdomadibus,
511 904 632 969 propter
659 892 825 969 simplicem
853 890 957 954 uitam.
978 890 1185 952 Adoliscentia
1212 888 1335 951 duabus

126 973 350 1034 ebdomadibus
360 985 477 1035 constat
489 987 609 1053 propter
618 975 800 1036 intellectum
811 985 841 1034 et
852 974 1010 1035 actionem.
1023 971 1111 1049 Quae
1121 971 1184 1034 duo
1194 971 1331 1034 nondum

126 1067 210 1114 erant
233 1055 264 1115 in
289 1056 396 1132 pueris,
412 1068 442 1117 et
464 1057 494 1116 in
517 1057 647 1134 paruulis
670 1074 731 1116 non
755 1074 955 1134 animusque
978 1054 1019 1117 ad
1032 1051 1186 1115 .xxuiiium
1207 1071 1335 1115 annum.

128 1138 275 1197 iuuentus
289 1135 384 1198 tribus
404 1136 624 1198 ebdomadibus
644 1148 799 1215 permanet
820 1148 941 1216 propter
963 1136 1014 1197 illa
1028 1134 1077 1197 iii.
1092 1133 1279 1197 intellectum
1301 1147 1333 1197 et

126 1217 277 1278 actionem
288 1218 430 1296 corporis,
442 1218 467 1279 si
478 1219 618 1280 uirtutem
630 1218 750 1279 habent.
762 1220 824 1280 Ista
836 1220 916 1279 enim
925 1236 944 1278 a
953 1217 1062 1278 ‚xxuiii
1074 1217 1167 1278 oritur
1176 1225 1209 1277 et
1219 1215 1331 1277 ‚xluiiii

127 1313 362 1374 consummatur,
372 1301 495 1378 quando
504 1312 532 1360 et
543 1301 573 1359 in
583 1298 701 1361 lerninis
710 1311 810 1378 partus
818 1296 1146 1362 delicitSeuectus.iiii.
1157 1297 1333 1360 ebdomadi-

129 1380 185 1441 bus
200 1382 325 1441 sumitur
339 1394 460 1460 propter
473 1382 668 1443 accedentem
683 1383 714 1442 in
728 1381 785 1444 illis
798 1380 849 1444 iii.
860 1380 953 1442 animi
960 1392 992 1442 et
1002 1381 1133 1458 corporis
1143 1377 1333 1459 grauitatem.

129 1462 245 1523 Ultima
263 1481 336 1523 uero
351 1462 468 1524 senium
483 1463 566 1523 nullo
588 1474 670 1524 certo
690 1482 839 1524 annorum
859 1463 1000 1524 dilinitur.
1016 1463 1092 1524 Sunt
1113 1460 1333 1541 intellegibilis

128 1562 206 1619 quae
216 1542 331 1623 mente)
342 1543 503 1622 animoque
514 1542 718 1622 percipiuntur
729 1565 738 1620 ;
752 1543 904 1606 sensibilia
913 1555 1015 1606 autem
1024 1561 1103 1622 quae
1112 1541 1179 1604 uisu
1188 1552 1334 1621 tactuque

128 1643 274 1703 corporeo
291 1625 466 1686 sentiuntur.
482 1624 543 1704 (Ex
563 1625 645 1703 aere)
660 1625 742 1686 uisus
757 1626 877 1699 auditus
896 1626 1057 1700 adoratum
1077 1642 1115 1692 cx
1135 1634 1213 1686 terra
1232 1634 1332 1685 tactus

128 1724 277 1784 saporque
291 1706 428 1768 nascitur.
447 1707 563 1768 Eadem
578 1708 680 1768 omnia
693 1726 755 1768 una
787 1732 797 1770 ·.
840 1751 848 1769 .
890 1753 898 1770 .
941 1725 1009 1786 quae
1023 1707 1098 1767 dum
1111 1705 1335 1784 contemplatur

128 1789 246 1866 spiritus
266 1799 320 1862 est,
335 1786 410 1848 dum
429 1785 519 1849 sentit
529 1806 531 1810 ·
540 1806 653 1862 sensus,
673 1789 747 1849 dum
761 1789 838 1867 sapit
851 1788 979 1860 animus,
995 1787 1069 1850 dum
1083 1785 1221 1866 intelligit
1233 1804 1331 1860 mens,

128 1870 201 1929 dum
229 1867 372 1929 discernit
399 1869 473 1931 ratio
503 1880 557 1941 est,
586 1869 660 1931 dum
696 1868 847 1931 consentit
880 1871 1030 1945 uoluntas,
1058 1868 1133 1930 dum
1160 1868 1335 1931 recordatur

127 1949 285 2091 gmemorin
298 1949 454 2063 estldum)
469 1950 602 2010 membra
618 1948 731 2028 uigitat
747 1949 860 2029 (anima
873 1962 919 2012 est
932 1961 964 2013 et
976 1950 1071 2012 modo
1084 1946 1175 2030 sapit)
1194 1958 1226 2011 et
1238 1949 1338 2011 modo

150 2044 252 2108 rsrprt.
294 2076 301 2091 .
345 2076 352 2092 .
