3052 5220
294 675 462 730 Hymnus
474 675 503 728 S.
525 675 699 730 comam
714 676 761 728 ΙΝ
775 675 824 745 LA
830 677 946 730 (IDEM
957 678 985 731 S.
1005 678 1225 732 Mlcllmls,
1326 691 1359 747 45

153 814 209 920 Τ]
231 819 393 894 Sanctus
412 818 565 895 Gabriel
584 839 736 895 sanctus
756 819 915 919 Raphiel
934 839 1047 920 atque
1074 848 1207 898 omnes
1233 823 1357 926 angeli

230 921 462 995 intercedant
479 946 547 1018 pro
565 947 626 997 me
644 946 794 1020 semper
810 920 918 996 simul
937 941 976 997 et
992 921 1207 1025 archangeli

228 1087 393 1163 AEtema
409 1089 554 1187 possint
572 1108 750 1187 praestare
768 1090 868 1190 regis
886 1091 991 1189 regni
1009 1089 1108 1165 aulia

155 1213 203 1264 20
230 1206 270 1264 ut
288 1191 511 1287 possedeam
530 1216 613 1265 cum
634 1189 786 1266 Christo
804 1192 965 1290 paradisi
982 1193 1122 1292 gaudia

230 1355 361 1431 Gloria
377 1357 426 1432 sit
443 1383 593 1456 semper
609 1359 682 1433 deo
700 1360 796 1456 patri
813 1377 927 1456 atque
945 1356 1021 1433 lilio

229 1456 339 1532 simul
358 1484 441 1533 cum
460 1458 592 1556 spiritu
610 1479 740 1535 sancto
759 1460 795 1534 in
815 1486 890 1535 uno
908 1458 1062 1535 consilio

503 1654 654 1727 Adiuuet
670 1675 731 1720 nos
746 1655 966 1740 archangelus

503 1778 639 1834 sanctus
655 1767 779 1834 Michel
795 1768 1012 1852 dignissimus

502 1901 604 1966 quem
621 1882 767 1966 recipere
782 1883 911 1948 animas

504 1995 617 2060 mittat
632 1996 714 2060 deus
730 1995 912 2061 altissimus

209 2169 273 2244 FR]
311 2187 342 2240 17
357 2171 492 2229 Gabrihel
507 2174 533 2229 R
580 2174 709 2246 Rapbael
724 2175 750 2230 R
905 2189 937 2243 19
949 2174 1091 2232 Aetemae
1105 2176 1132 2231 R
1174 2189 1294 2249 possunt
1306 2179 1329 2235 F
1332 2180 1359 2235 R

154 2255 281 2314 prestare
294 2244 347 2300 FR
389 2244 469 2300 auria
482 2245 509 2300 R
650 2261 687 2300 20
703 2245 867 2318 possideam
881 2245 904 2299 F
1050 2260 1083 2302 22
1103 2259 1202 2305 sancto
1220 2248 1319 2321 spiritu
1334 2251 1359 2306 R

159 2321 188 2376 ÷
203 2316 354 2443 lmedlullat
368 2387 395 2442 R
537 2387 683 2444 aMichael
698 2389 720 2443 F
736 2388 860 2444 Michael
875 2389 901 2442 R
1052 2404 1069 2456 4
1085 2389 1177 2451 mittet
1196 2392 1218 2445 F

204 2549 310 2602 Glone
326 2550 362 2613 T]
397 2560 426 2613 17
443 2550 558 2614 Gabriel]
581 2551 607 2605 .i.
625 2549 746 2602 fortitudo
761 2550 802 2601 dei
819 2547 1003 2616 interpretatur¹
1054 2551 1216 2618 Raphiel1.'u
1237 2553 1361 2604 medicine

157 2614 199 2666 dei
218 2615 403 2682 interpretetur,
422 2632 453 2668 eo
471 2617 539 2683 quod
557 2616 718 2668 medieineuit
736 2615 844 2666 Tobiem
863 2616 896 2666 de
911 2617 1015 2667 cecitate
1164 2629 1194 2680 19
1213 2618 1320 2684 possint]
1332 2619 1358 2668 .i.

158 2679 242 2746 angeli
252 2689 278 2732 et
288 2681 434 2748 mcbeugeli
499 2681 614 2745 eulie].i.
634 2682 803 2747 regiedomus

159 2810 165 2822 ·
210 2745 869 2813 1ucbengelusli.summusnuntiusinterpretntur
978 2747 1156 2811 2Michel].i.
1170 2747 1361 2816 quisicutdeus

157 2821 334 2877 interpretetur

697 3393 828 3478 nou-r

220 3551 262 3637 T]
303 3555 352 3615 tol.
369 3554 411 3615 ub
424 3557 456 3614 in
471 3565 532 3633 sup.
548 3574 641 3632 marg.
679 3552 682 3559 ’

221 3679 229 3697 .
272 3681 279 3695 .
323 3680 331 3696 .
354 3654 488 3714 unquam
499 3637 530 3696 in
542 3634 829 3714 ueritatesepoterit
838 3652 1002 3695 excussare.
1013 3635 1116 3695 Potest
1129 3633 1236 3711 aliquis
1250 3633 1360 3710 dicere,

163 3719 234 3778 Non
248 3734 371 3796 possum
387 3717 545 3796 (ieiunlare
560 3729 588 3778 et
605 3736 667 3778 non
681 3735 804 3795 possum
819 3716 961 3793 uigilare3
982 3715 1119 3793 nunquid
1140 3725 1239 3792 potest
1252 3717 1361 3792 dicere,

163 3800 234 3860 Non
255 3815 379 3877 possum
399 3801 525 3860 amare?
545 3798 630 3878 (Non
656 3818 779 3877 possum
805 3798 864 3875 res)
880 3816 961 3857 meas
986 3808 1064 3857 totas
1088 3795 1269 3873 pauperibus
1289 3798 1361 3859 dare

161 3892 192 3942 et
216 3879 247 3940 in
269 3880 451 3941 monasterio
471 3881 531 3942 deo
552 3879 671 3941 seruire.
695 3881 851 3958 Numquid
874 3878 999 3956 (potest)
1019 3878 1129 3949 dicere,
1145 3877 1216 3938 Non
1238 3897 1360 3956 possum

162 3961 309 4039 diligere?
329 3961 361 4022 Si
374 3962 483 4023 dixeris
498 3964 568 4041 quia
590 3981 651 4023 non
674 3963 771 4040 possis
791 3981 810 4021 a
832 3961 904 4020 uino
928 3961 975 4020 uel
998 3978 1016 4018 a
1040 3957 1179 4019 oernibus
1200 3959 1358 4033 abstinere,

162 4044 333 4117 credimus,
353 4041 378 4103 si
392 4056 493 4104 autem
509 4043 617 4106 dixeris
631 4044 702 4121 quia
722 4062 783 4103 non
798 4043 894 4120 possis
906 4040 936 4100 in
952 4054 981 4101 te
996 4038 1191 4118 peccantibus
1207 4042 1360 4120 indulgere

162 4126 246 4188 omni
267 4125 360 4185 modo
381 4143 443 4185 non
464 4126 614 4187 credimus
624 4147 633 4200 ;
653 4126 725 4204 quia
738 4126 819 4185 nulla
835 4122 922 4184 nobis
943 4135 1076 4183 remanet
1097 4124 1271 4184 exeussatio.
1289 4125 1359 4184 Non

163 4207 202 4270 de
224 4207 343 4268 cellario
364 4205 417 4266 sed
431 4207 471 4268 de
490 4208 581 4268 eorde
606 4206 692 4267 istam
715 4208 910 4283 elimosynam
935 4202 1072 4264 iubemur
1093 4201 1224 4280 implere,
1239 4205 1362 4284 diligere

163 4288 300 4349 inimicos
321 4299 443 4348 uestros
461 4289 532 4349 Non
558 4290 632 4349 dixit
653 4287 793 4348 inimicos
814 4287 940 4364 proximi
965 4286 1014 4345 uel
1037 4285 1172 4346 aeclesiae.
1216 4287 1302 4347 Intus
1331 4289 1360 4346 in

161 4370 253 4432 corde
274 4381 373 4430 uestro
394 4385 439 4430 est
460 4368 512 4430 ubi
533 4371 630 4431 redire
650 4370 789 4430 iubemur
809 4368 929 4429 dicente
950 4368 1073 4444 profeta,
1096 4367 1207 4428 Redite
1227 4370 1362 4446 praeurri·

162 4466 277 4513 catores
290 4451 329 4511 ad
350 4469 402 4511 cor
422 4452 576 4512 uestrum.⁸
590 4452 661 4512 Non
683 4450 763 4511 enim
785 4452 815 4509 in
836 4447 1005 4527 lonquincis
1024 4447 1194 4525 regionibus
1212 4447 1363 4510 inuenitur

162 4534 245 4613 quod
259 4533 400 4594 dominus
414 4531 508 4610 petit3
529 4533 609 4592 intus
623 4534 662 4594 ad
677 4551 729 4593 cor
744 4543 877 4592 nostmm
894 4530 1005 4590 mittit³

193 4784 197 4791 .
235 4750 325 4795 illeruu.
334 4750 433 4794 Deum.
444 4749 511 4793 Hele.
522 4761 543 4802 p
553 4762 585 4804 95.
712 4749 755 4791 ln.
765 4746 845 4791 xlvi&
976 4746 1127 4798 tuendorun.
1136 4746 1209 4789 Sem
1219 4745 1311 4789 cclxxiii.
