3052 5220
151 619 197 684 156
370 615 584 669 ORATIONES
599 612 829 667 exeamas
844 611 899 662 DE
914 609 1132 662 PSALYERIO.

149 787 195 876 T]
236 788 325 870 eripe
342 806 395 849 me

240 876 284 940 Et
300 874 389 956 eripe
406 871 517 936 mede
533 890 633 935 manu
649 868 790 934 filiorum
806 864 997 931 alienorum¹

240 1184 348 1250 Credo
365 1185 395 1247 in
412 1185 511 1249 deum
529 1193 655 1267 patrem
673 1184 934 1270 omnipotentem

151 1272 218 1351 480
639 1291 742 1355 usque
758 1272 790 1334 in
807 1269 914 1335 linem.

244 1358 289 1423 Et
307 1369 401 1442 pater
416 1369 533 1424 noster.
657 1384 661 1389 ’

241 1445 413 1510 Ascendat
429 1448 533 1511 oratio
549 1456 660 1510 nostra
676 1465 780 1528 usque
796 1445 838 1509 ad
854 1455 985 1509 tronum
1055 1502 1056 1506 ,

241 1533 398 1598 claritatis
414 1542 481 1596 tuae
497 1534 630 1598 domine
645 1533 693 1617 let
710 1553 751 1597 ne
767 1552 872 1597 uacua
888 1539 1069 1596 reuertatur
1246 1525 1283 1615 [l.
1301 1544 1349 1610 31.

241 1621 283 1683 ad
301 1641 360 1684 nos
378 1621 553 1704 postolatio
570 1631 689 1685 nostra.
704 1641 809 1684 amen.
826 1640 932 1684 amen.
948 1639 1054 1683 amen.
1071 1615 1211 1681 alleluia.

267 1925 339 1990 Has
361 1928 525 1992 orationes
549 1947 660 2011 preces
682 1925 1004 2010 supplicationesque
1027 1922 1194 1987 fundimus
1218 1921 1251 1984 in
1274 1938 1353 1982 con·

221 2013 664 2095 spectu-misericordissimae
680 2015 802 2079 diuinae
818 2011 1000 2077 maiestatis
1022 2019 1090 2074 tuae
1112 2009 1248 2074 domine
1270 2007 1353 2071 deus

222 2102 433 2184 omnipotens
445 2111 478 2166 et
494 2102 674 2167 misericors
691 2103 723 2164 in
740 2100 863 2164 honore
879 2099 1077 2164 beatissimae
1090 2097 1206 2162 Mariae
1222 2114 1355 2178 semper

223 2189 358 2272 uirginis
372 2188 539 2271 genitricis
555 2199 621 2254 tuae
637 2189 808 2270 sanctique
828 2185 999 2251 Michaelis
1015 2183 1201 2269 archangeli
1217 2201 1353 2247 nouem-

182 2287 197 2352 5
224 2294 288 2356 que
298 2276 460 2359 graduum
471 2295 686 2360 supernorum
700 2277 821 2339 ciuium
833 2275 1001 2357 totiusque
1011 2272 1166 2336 aeclessiae
1181 2268 1354 2334 catholicae

223 2372 256 2424 et
280 2362 311 2423 in
334 2362 457 2425 honore
478 2363 580 2444 ipsius
602 2382 742 2425 summae
765 2361 1047 2443 sanctissimaeque
1070 2357 1175 2422 unicae
1198 2356 1356 2421 trinitatis

223 2448 324 2530 patris
348 2457 382 2512 et
409 2447 465 2511 filii
489 2458 523 2513 et
545 2449 678 2530 spiritus
700 2449 805 2511 sancti
828 2467 866 2510 ac
882 2445 1066 2531 specialiter
1079 2443 1197 2509 horum
1213 2462 1354 2526 quorum

224 2533 321 2596 hodie
338 2532 499 2598 lestiuitas
514 2533 698 2598 celebratur
711 2544 745 2598 et
760 2553 900 2616 quorum
925 2533 978 2597 hic
1000 2531 1145 2615 reliquiae
1168 2528 1334 2594 habentur
1348 2551 1355 2605 ;

225 2620 310 2682 utin
338 2619 399 2683 hac
423 2621 492 2685 uita
507 2622 578 2684 sine
601 2619 782 2684 offensione
809 2618 1009 2702 feliciterque
1032 2639 1053 2682 a
1078 2617 1205 2682 cunctis
1232 2614 1366 2680 diabuli·

164 2721 202 2769 10
225 2706 447 2790 uitiorumque
469 2728 596 2771 necnon
621 2707 782 2771 malorum
806 2706 977 2771 hominum
1002 2705 1126 2769 insidiis
1148 2724 1187 2769 ac
1210 2712 1356 2788 tempta·

225 2793 368 2859 tionibus
398 2794 536 2871 liberati,
561 2795 745 2877 posthanc
775 2793 879 2858 uitam
910 2795 942 2858 in
974 2792 1152 2857 electorum
1183 2811 1283 2878 grege
1314 2800 1358 2869 te,

225 2881 357 2945 domine
380 2883 461 2946 deus
483 2883 695 2967 omnipotens
717 2892 750 2946 et
775 2882 956 2945 misericors
980 2880 1159 2945 adiuuante
1182 2889 1216 2944 et
1238 2879 1358 2964 guber·

226 2980 334 3047 nante,
350 2971 446 3035 inseri
470 2972 698 3054 numerarique
721 2989 905 3034 mereamur
926 2989 964 3032 ac
987 2970 1056 3032 sine
1079 2966 1144 3032 fine
1169 2968 1202 3032 in
1232 2967 1356 3051 sempi-

225 3059 326 3121 ternis
341 3059 469 3142 gaudiis
486 3059 582 3123 unica
597 3059 733 3140 solaque
748 3057 885 3121 uisionis
900 3066 967 3120 tuae
983 3055 1209 3120 consolatione
1224 3074 1357 3119 summa

166 3158 201 3224 15
226 3146 498 3229 sanctissimaque
514 3147 642 3211 trinitas
660 3146 691 3209 in
708 3154 886 3229 conspectu
899 3140 1225 3208 missericordissimae
1239 3141 1357 3206 maies-

227 3232 305 3296 tatis
332 3244 396 3297 tuae
426 3233 568 3320 gloriose
596 3253 790 3298 coronemur
817 3252 875 3315 per
896 3232 1007 3296 omnia
1030 3230 1140 3295 secula
1162 3228 1358 3294 seculorum.

227 3339 333 3384 amen.
350 3341 455 3385 amen.
472 3342 578 3385 amen.
