3052 5220
380 619 546 674 munes
559 622 586 674 S.
609 620 815 675 cozmae
829 611 878 673 m
894 620 943 673 TE
960 619 1130 672 cnaelsra.
1329 618 1360 681 ὃς

154 782 210 884 Τ]
233 783 339 861 Deus
356 787 487 862 aeterni
504 786 656 862 luminis
674 785 767 862 deus
785 783 1042 862 inenarrabilis

233 885 341 962 Deus
358 886 454 963 altus
472 886 642 963 amabilis
660 889 754 963 deus
773 887 1030 963 inestimabilis
1124 914 1125 918 ¹

233 1037 340 1114 Deus
357 1038 484 1140 largus
501 1040 726 1141 longanimis
744 1039 837 1115 deus
855 1039 987 1114 doctor
1004 1035 1174 1112 docibilis

208 1163 210 1168 ·
233 1139 341 1215 Deus
357 1141 421 1241 qui
440 1140 527 1216 facit
544 1143 671 1217 omnia
688 1166 787 1216 noua
805 1156 939 1215 cuncta
955 1157 994 1214 et
1012 1158 1140 1214 uetera

160 1310 201 1384 15
233 1288 307 1365 Dei
327 1291 443 1389 patris
462 1292 499 1366 in
518 1293 669 1369 nomine
687 1292 812 1391 filique
831 1293 886 1365 sui
906 1316 1083 1389 prospere

230 1393 349 1469 sancti
366 1394 518 1492 spiritus
535 1396 663 1494 utique
682 1413 784 1470 recto
802 1394 900 1468 uado
918 1394 1059 1468 itenere

233 1592 406 1671 Christus
425 1596 640 1694 redemptor
649 1595 818 1696 gentium
834 1594 1007 1670 Christus
1018 1607 1163 1667 amator
1173 1591 1359 1694 uirginum

231 1696 404 1773 Christus
423 1698 507 1774 sons
524 1699 748 1797 sapientium
768 1697 941 1774 Christus
952 1696 1054 1786 ⁸fides
1071 1695 1302 1771 credentium

233 1847 406 1926 Christus
423 1850 538 1927 lorica
555 1850 711 1926 militum
732 1850 904 1927 Christus
922 1864 1068 1924 creator
1084 1848 1251 1923 omniurn

160 2024 208 2076 20
234 1999 407 2077 Christus
425 2003 526 2078 salus
543 2002 748 2077 uiuentium
767 2021 805 2077 et
824 2003 901 2076 uita
920 2000 1156 2076 morientium

232 2105 425 2178 coronauit
443 2105 647 2180 exercitum
668 2122 836 2179 nostrum
855 2128 940 2178 cum
958 2103 1067 2176 turba
1086 2102 1277 2176 martirum

235 2253 409 2331 Christus
434 2282 581 2332 crucem
607 2258 827 2332 ascenderat
846 2254 1019 2331 Christus
1038 2254 1218 2330 mundum
1245 2244 1364 2330 salna-

287 2376 391 2432 uerat

233 2456 407 2535 Christus
424 2479 463 2535 et
480 2485 549 2535 nos
568 2460 777 2535 redemeret
805 2458 976 2535 Christus
995 2485 1063 2557 pro
1090 2458 1198 2534 nobis
1229 2483 1363 2558 passus

287 2580 345 2636 est

238 2711 410 2788 Christus
428 2713 612 2790 infernum
631 2730 802 2814 penetrat
818 2713 991 2789 Christus
1002 2710 1133 2787 caelum
1147 2711 1365 2788 ascenderat

165 2836 184 2886 2
190 2835 210 2908 5
240 2813 412 2889 Christus
429 2841 513 2890 curn
532 2816 606 2891 deo
623 2816 772 2891 sederat
791 2816 852 2890 ubi
873 2841 1063 2914 nunquam
1080 2813 1250 2891 defuerat

239 2964 371 3040 Gloria
389 2965 468 3041 haec
486 2987 544 3042 est
562 2966 743 3041 altissimo
761 2967 834 3042 deo
853 2968 947 3065 patri
967 2966 1137 3066 ingenito

238 3064 358 3142 honor
375 3093 418 3142 ac
435 3093 583 3143 summo
601 3067 676 3143 filio
694 3068 804 3142 unico
822 3069 1016 3167 unigenito

241 3217 471 3317 Spirituique
488 3219 633 3294 obtimo
650 3238 780 3321 sancto
799 3219 964 3316 perfecto
982 3217 1113 3293 sedulo

240 3343 350 3393 amen
369 3318 434 3393 fiat
452 3339 632 3419 perpetua
650 3321 687 3394 in
706 3321 934 3418 sempiterna
952 3318 1087 3393 saecula

169 3442 217 3513 30
849 3421 892 3496 ln
912 3439 949 3496 te
968 3421 1119 3496 Christe
1137 3419 1367 3496 credentium

212 3689 368 3772 Protegat
383 3709 444 3753 nos
460 3688 640 3754 altissimus
657 3689 698 3754 de
714 3690 782 3753 suis
797 3689 920 3752 sanctis
937 3687 1070 3752 sedibus

208 3800 289 3865 dum
306 3802 369 3866 sibi
384 3821 505 3883 ymnos
521 3802 671 3866 canimus
687 3803 795 3866 decim
811 3801 945 3865 statutis
961 3801 1088 3864 uicibus

209 3915 318 3997 sitque
333 3914 429 3978 nobis
445 3916 608 3999 propitius
623 3915 741 3979 diebus
757 3926 858 3998 atque
873 3914 1026 3978 noctibus

222 4173 257 4249 F]
296 4190 326 4247 ις
346 4175 450 4248 filiique
573 4178 605 4233 16
622 4178 722 4236 itinere
841 4194 871 4234 21
894 4190 1048 4248 martymm
1168 4191 1202 4245 23
1221 4175 1370 4232 redimerat

168 4263 202 4314 24
220 4266 273 4303 om.
286 4247 431 4303 kaclr'nea
537 4249 572 4303 28
590 4250 698 4319 optimo
806 4265 841 4320 30
858 4269 911 4305 om.
925 4247 1099 4306 credentium

216 4471 306 4522 Glossa
315 4473 350 4535 T]
383 4486 398 4522 ι
414 4473 509 4535 decim]
525 4472 601 4523 deich
618 4471 699 4523 trith:
715 4471 894 4523 do·chelebrad
913 4471 1003 4522 Colum
1021 4468 1086 4520 fille
1098 4481 1125 4520 ut
1136 4468 1227 4531 suunt,
1240 4483 1296 4518 oeus
1307 4482 1328 4516 ts
1339 4468 1372 4514 «lo

167 4538 227 4587 stair
239 4537 304 4588 Eoin
317 4537 421 4589 Cassioo
433 4553 476 4588 mc
486 4553 541 4588 som
552 4535 617 4588 ιείιιΙ
629 4539 687 4587 T·¹

594 4674 602 4704 ¹
616 4674 649 4718 cf.
661 4673 756 4717 emino.
768 4674 843 4715 Imm
854 4671 884 4714 iii.
895 4688 914 4726 ³·
924 4689 943 4723 φ
