3052 5220
415 39 1460 317 m

1380 334 1395 345 ..

152 688 197 743 152
371 676 586 729 ORATIONES
600 675 830 728 EXCERPYAE
845 674 901 727 DE
916 674 1132 727 PSALYERIO.

154 846 199 929 T]
240 844 372 910 uiuifica
388 865 441 909 me
457 845 639 909 secundum
656 845 792 908 uerbum
808 843 915 907 tuum¹

243 932 326 998 Uias
344 953 434 997 meas
449 932 619 996 enuntiaui
634 931 693 996 tibi
709 941 743 995 et
758 929 925 994 exaudisti
949 949 1003 993 me

243 1020 325 1084 doce
343 1039 395 1082 me
411 1017 659 1083 iustificationes
674 1019 761 1082 tuas¹

159 1120 218 1186 315
245 1106 346 1172 Uiam
363 1104 631 1169 iustificationum
648 1114 778 1168 tuarum
795 1103 919 1167 instrue
936 1123 989 1167 me

244 1203 278 1257 et
294 1193 473 1257 exercebor
488 1193 521 1255 in
537 1192 739 1256 mirabilibus
755 1190 833 1254 tuis⁸

246 1280 450 1344 Dormitauit
465 1279 576 1343 anima
591 1298 665 1342 mea
680 1299 748 1362 prae
763 1277 854 1341 tedio

246 1365 415 1432 Confirma
429 1386 483 1430 me
498 1366 531 1429 in
547 1367 654 1430 uerbis
669 1366 745 1430 tuis⁴

248 1453 347 1520 Uiam
365 1455 547 1538 iniquitatis
563 1473 681 1519 amoue
696 1475 716 1517 a
737 1473 790 1518 me

161 1556 225 1622 320
246 1552 280 1606 et
297 1543 329 1605 in
347 1543 419 1626 lege
435 1552 493 1607 tua
508 1541 660 1606 miserere
677 1540 754 1605 mei³

247 1629 373 1713 Iegem
390 1650 476 1714 pone
491 1629 571 1694 mihi
587 1631 720 1694 domine
735 1629 822 1694 uiam
839 1626 1107 1694 iustificationum
1123 1636 1255 1694 tuarum

247 1726 281 1781 et
297 1719 471 1801 exquiram
487 1737 561 1781 eam
577 1718 720 1802 semper*

248 1805 302 1868 Da
318 1804 398 1868 mihi
415 1804 617 1869 intellectum
634 1815 667 1869 et
683 1804 853 1869 scrutabor
867 1806 973 1888 legem
989 1814 1082 1869 tuam

247 1903 280 1955 et
296 1892 480 1955 custodiam
496 1891 586 1955 illam
603 1893 636 1955 in
652 1893 837 1957 totocorde
852 1893 939 1956 meo'

161 1992 200 2055 32
206 1990 221 2057 5
247 1978 365 2042 Deduc
382 1998 435 2042 me
451 1979 483 2041 in
499 1979 666 2044 semittam
684 1980 914 2044 mandatorum
930 1988 1062 2043 tuorum

248 2065 326 2148 quia
342 2065 447 2148 ipsam
464 2064 567 2129 uolui⁸

250 2151 376 2216 inclina
391 2172 447 2215 cor
462 2171 573 2215 meum
590 2150 623 2213 in
639 2151 828 2216 testimonia
842 2161 905 2233 tua

248 2247 281 2301 et
298 2257 363 2300 non
380 2237 413 2300 in
429 2239 615 2302 auaritiam'

248 2325 374 2387 Auerte
390 2324 501 2388 oculos
518 2343 609 2387 meos
626 2343 666 2386 ne
682 2324 817 2388 uideant
833 2325 1014 2390 uanitatem

164 2427 226 2491 330
249 2411 281 2473 in
297 2410 351 2473 uia
366 2419 423 2473 tua
439 2409 570 2474 uiuifica
586 2412 665 2473 me¹⁰

249 2495 368 2560 Statue
383 2515 479 2559 seruo
493 2506 553 2559 tuo
567 2495 733 2578 eloquium
750 2508 845 2560 tuum
862 2496 895 2559 in
911 2498 1028 2562 timore
1044 2499 1126 2562 tuo¹¹

248 2581 401 2664 Amputa
415 2583 628 2665 opprobrium
645 2601 755 2646 meum
772 2582 862 2666 quod
877 2584 1063 2667 suspicatus
1078 2605 1152 2649 sum

251 2669 330 2751 quia
353 2669 472 2733 iudicia
487 2679 544 2732 tua
560 2668 725 2733 ioconda¹¹

251 2754 338 2819 Ecce
354 2755 526 2837 concupiui
544 2755 700 2819 mandata
716 2765 774 2819 tua

166 2857 225 2922 335
250 2843 331 2904 etin
348 2843 507 2925 aequitate
522 2851 581 2905 tua
596 2840 727 2905 uiuifica
744 2843 822 2905 me¹⁸

252 2929 296 2992 Et
313 2929 423 2992 ueniat
439 2949 538 3012 super
553 2948 607 2992 me
623 2928 846 2993 misericordia
860 2939 919 2995 tuo
934 2931 1068 2996 domine

252 3016 393 3079 salutare
408 3025 502 3080 tuum
519 3015 699 3080 secundum
716 3015 883 3099 eloquium
902 3021 1022 3083 tuum¹⁴

252 3102 312 3187 lEt
330 3124 370 3167 ne
385 3102 513 3168 auferas
528 3104 570 3168 de
585 3124 640 3167 ore
657 3124 731 3167 mco

253 3192 389 3255 uerbum
407 3192 553 3256 ueritatis
569 3210 808 3274 usquequoque

168 3295 231 3359 340
253 3278 331 3361 quia
347 3280 379 3341 in
396 3279 523 3344 iudiciis
539 3281 604 3343 tuis
619 3280 873 3363 supersperaui¹³

252 3339 411 3429 Miserere
427 3368 491 3431 mei
507 3367 687 3431 secundum
704 3365 871 3450 eloquium
888 3367 1010 3432 tuum¹⁶

255 3453 479 3518 Misericordia
494 3454 618 3518 domini
636 3453 733 3537 plena
747 3464 798 3518 est
814 3463 899 3519 terra

253 3539 501 3606 iustificationes
517 3552 590 3605 tuas
605 3541 687 3605 doce
704 3542 781 3605 me¹¹

254 3627 442 3693 Bonitatem
460 3639 492 3693 et
508 3629 715 3712 disciplinam
732 3639 766 3694 et
781 3630 951 3694 scientiam
967 3630 1049 3694 doce
1065 3651 1118 3695 me

165 3726 226 3794 345
251 3716 329 3796 quia
345 3716 378 3778 in
395 3716 559 3780 mandatis
575 3717 640 3780 tuis
652 3717 801 3781 credidi¹⁸

254 3801 367 3865 Bonus
382 3823 418 3866 es
433 3813 469 3867 tu

253 3899 286 3952 et
303 3889 335 3952 in
353 3890 500 3955 bonitate
515 3901 573 3954 tua
588 3892 670 3954 doce
687 3911 739 3955 me
755 3890 1000 3956 iustificationes
1016 3892 1116 3957 tuas¹⁹

254 3976 375 4039 Manus
391 3987 458 4041 tuae
475 3976 620 4043 iecerunt
637 3999 690 4042 me
706 3990 739 4043 et
754 3979 1000 4063 plasmauerunt
1018 4000 1070 4044 me

252 4063 295 4125 da
311 4063 391 4126 mihi
408 4065 608 4129 intellectum
626 4077 662 4130 ut
678 4067 803 4131 discam
821 4067 977 4131 mandata
992 4068 1075 4131 tua’⁰

166 4162 229 4229 350
253 4149 327 4213 Fiat
344 4151 567 4216 misericordia
581 4162 640 4217 tua
655 4163 691 4217 ut
707 4154 895 4218 consuletur
910 4174 962 4218 me
1018 4160 1021 4164 ’

250 4239 434 4303 secundum
451 4239 617 4322 eloquium
635 4250 729 4305 tuum
746 4261 843 4305 seruo
858 4242 949 4305 tuo.¹¹

251 4322 398 4389 Ueniant
415 4325 493 4389 mihi
512 4327 736 4391 miserationes
752 4338 819 4392 tuce
834 4338 868 4392 et
884 4329 1021 4392 uiuam²¹

193 4485 200 4513 ¹
215 4484 249 4526 Ps.
260 4483 330 4545 cffyiii.
342 4498 374 4535 ²5·
495 4487 505 4514 ¹
518 4486 553 4529 Ρι.
563 4485 634 4529 cxviii
645 4490 676 4530 0⁶.
841 4488 850 4516 ³
864 4488 897 4530 Pu.
908 4487 978 4530 cxviii.
990 4503 1020 4539 ²7·

160 4535 340 4596 1P2exvuras
493 4536 674 4600 ‘tenuit-³³
843 4539 1024 4600 ’Passus-³4

158 4587 169 4614 θ
182 4585 217 4628 Pa
227 4599 298 4646 nnis:
310 4588 340 4638 36.
486 4586 504 4617 ¹⁰
517 4588 552 4629 Pe
562 4600 632 4630 ανιιι.
644 4603 675 4641 37.
833 4589 849 4619 ¹¹
864 4588 899 4632 Ps.
908 4601 979 4632 ανιιι.
990 4591 1022 4642 38.

158 4635 176 4665 ¹⁸
190 4635 225 4678 Ps.
234 4648 305 4697 avitu
316 4652 347 4687 40
485 4637 503 4667 ¹⁸
516 4636 552 4679 se
561 4637 633 4699 ccviii
643 4653 674 4731 ἃ
828 4640 845 4668 ¹⁸
859 4639 893 4682 Ps.
903 4637 1017 4732 cmviiiae¹

157 4685 175 4716 ²⁷
190 4685 224 4728 Pe
234 4699 305 4747 cxviii.
342 4717 348 4728 .
488 4687 506 4716 ¹⁸
519 4687 555 4730 Pa.
564 4701 636 4731 cxwrr.
671 4719 676 4731 .
827 4689 845 4719 ¹⁹
858 4688 892 4732 Pa.
902 4688 974 4732 cunti.
1009 4720 1016 4733 .

156 4736 174 4765 ¹¹
188 4736 222 4780 Pe
232 4750 325 4787 unit-7
340 4766 346 4778 .
485 4737 504 4767 ⁸
518 4738 554 4781 1³1.
562 4737 633 4781 cxviii
644 4753 676 4792 η.
