3052 5220
487 643 791 706 ‚LAMENTArlos
809 643 1004 696 Atreaeosu.
1310 655 1357 709 ¹39

598 767 603 774 ·
1264 751 1282 803 ’φ

153 809 208 912 T]
256 809 462 889 Iustificata
478 829 537 889 est
562 837 611 888 ex
637 837 698 888 me
717 811 969 890 Sodomorum
990 829 1030 889 et
1061 807 1354 889 Gomorreorum

307 913 438 988 ciuitas

256 1015 334 1091 iure
350 1015 438 1114 quia
455 1015 571 1091 creuit
588 1041 701 1115 super
718 1041 801 1110 eam
819 1042 903 1091 mea
921 1016 1097 1115 iniquitas

181 1121 232 1190 60
258 1116 435 1216 indignus
453 1141 536 1190 sum
556 1141 629 1216 ego
647 1118 783 1193 claram
803 1137 969 1194 sanctam
981 1118 1111 1194 sedem
1126 1134 1227 1193 tuam
1239 1113 1356 1190 oculis

308 1243 443 1316 rnrqurs
460 1242 628 1315 aspicere

262 1318 348 1394 lesu
368 1343 442 1393 non
460 1318 582 1393 audeo
601 1318 802 1394 immundis
827 1318 936 1394 labiis
962 1346 1023 1396 me
1050 1318 1190 1417 pudeat
1218 1340 1355 1392 nomen

309 1436 414 1494 tuum
433 1435 601 1493 sanctum
621 1420 794 1495 inuocare

263 1519 349 1597 lesu
372 1519 520 1595 Nazare
537 1544 668 1596 uocem
687 1546 809 1597 meam
836 1522 922 1597 audi
950 1520 998 1598 fili
1031 1521 1158 1598 Dauid
1179 1518 1356 1595 miserere

310 1621 383 1700 mei

259 1722 333 1801 heu
352 1723 425 1798 heu
443 1722 517 1798 heu
535 1721 625 1802 mihi
643 1723 796 1801 domine
814 1725 902 1824 quia
918 1725 1070 1827 peccaui
1089 1749 1214 1802 coram
1233 1744 1271 1803 te

261 1927 440 2006 Kallidus
457 1954 613 2028 serpens
630 1929 779 2028 decepit
797 1955 857 2007 me

187 2036 233 2128 65
262 2029 432 2104 karmina
450 2033 655 2107 Sirinarum
675 2033 904 2107 seduxerunt
922 2058 983 2108 me

263 2130 380 2231 kaput
398 2158 522 2233 meum
540 2132 817 2211 suffocauerunt
834 2135 961 2210 dilicta
978 2160 1065 2210 mea

263 2233 427 2311 karceris
445 2235 606 2312 Tartarii
627 2236 696 2312 nisi
715 2263 776 2312 me
795 2238 956 2312 redimas
974 2264 1057 2314 sum
1077 2237 1196 2313 incola

264 2337 381 2434 kapiti
400 2363 485 2413 meo
503 2338 655 2414 domine
674 2338 795 2416 tribue
813 2366 947 2439 aquam

265 2436 460 2514 karissime
477 2439 570 2515 deus
588 2441 703 2515 oculis
723 2442 816 2517 meis
834 2441 1066 2517 lacrimarum
1085 2443 1227 2518 sontem

192 2561 241 2633 70
266 2537 339 2616 heu
357 2539 431 2617 heu
449 2542 523 2619 heu
541 2543 631 2618 milti
649 2543 802 2619 domine
819 2545 907 2642 quia
924 2545 1076 2643 peccaui

267 2750 328 2828 Lu
357 2756 418 2829 ete
436 2781 583 2830 mecum
603 2781 737 2831 omnes
758 2776 937 2830 creaturae
957 2755 1035 2830 caeli
1055 2775 1092 2830 et
1110 2774 1219 2830 terrae

264 2780 390 2953 lugffte
410 2880 555 2930 mecum
576 2857 631 2932 sol
649 2875 689 2931 et
704 2855 792 2931 luna
810 2877 848 2931 et
866 2883 999 2931 omnes
1019 2856 1136 2930 stellae

264 2953 391 3129 luffiete
410 2982 567 3072 'mecum
603 2958 705 3032 uenti
740 2976 779 3032 et
809 2958 932 3034 sontes
961 2983 1141 3056 aquarum
1176 2955 1293 3030 maria
1326 2972 1364 3027 et

342 3081 469 3130 unnna

265 3154 393 3257 lugete
412 3182 558 3233 mecum
577 3158 748 3233 homines
766 3177 805 3233 et
822 3182 913 3233 aues
924 3177 962 3232 et
976 3177 1110 3232 cuncta
1121 3154 1365 3255 quadripedia

316 3275 354 3330 et
373 3257 518 3355 reptilia

193 3378 238 3454 75
264 3357 410 3458 [lugete
437 3354 582 3433 mec‘um
601 3384 734 3433 omnes
759 3359 864 3458 pueri
883 3377 921 3434 et
941 3383 1052 3434 senes
1069 3377 1108 3433 et
1136 3356 1297 3432 infantes
1328 3373 1365 3429 et

316 3458 479 3532 uniuersi
499 3458 653 3533 iuuenes
864 3488 867 3496 ·
1217 3453 1257 3559 [s.
1279 3455 1362 3531 21b.

268 3558 395 3659 lugete
414 3585 560 3635 mecum
579 3560 794 3635 sacerdotes
807 3561 898 3633 casti

267 3657 394 3759 lugete
413 3657 558 3736 mecum
577 3661 699 3734 uiduae
717 3680 756 3736 et
773 3661 938 3758 uirgines

268 3759 343 3836 heu
361 3761 435 3835 heu
454 3761 528 3836 heu
546 3761 636 3835 mihi
655 3763 807 3837 domine
825 3763 912 3859 quia

271 3961 402 4040 Multa
419 3980 477 4036 est
495 3961 624 4060 utique
643 3989 757 4038 arena
775 3964 886 4036 maris

195 4067 244 4140 80
269 4063 373 4138 multi
392 4082 478 4137 sunt
496 4065 715 4138 tantundem
734 4064 856 4161 capilli
875 4064 1007 4163 capitis
1024 4063 1097 4139 mei

268 4164 393 4240 multae
411 4183 498 4238 sunt
515 4183 633 4262 guttae
651 4163 857 4262 pluuiarum

270 4265 374 4341 multi
393 4285 479 4340 sunt
498 4267 733 4339 minutissimi
752 4266 924 4364 pulueres
942 4284 1050 4340 terrae

270 4367 386 4442 multa
404 4387 489 4441 sunt
507 4366 709 4442 admodum
728 4367 852 4442 sidera
869 4366 1042 4442 caelorum

270 4469 446 4546 miserere
464 4468 537 4543 mei
555 4467 696 4543 domini
715 4469 803 4565 quia
824 4494 937 4568 super
955 4467 1035 4544 haec
1061 4467 1186 4543 omnia
1212 4482 1365 4566 peccata

321 4596 405 4644 mea
423 4588 509 4644 sunt

196 4673 241 4769 85
270 4669 344 4749 heu
363 4671 435 4748 heu
454 4670 528 4748 heu
545 4669 634 4747 mihi
653 4668 806 4748 domine
