3052 5220
355 627 427 679 ΟΜ
433 627 459 678 Τ
455 625 570 679 IONES
584 624 816 677 EXCERPTAE
832 624 887 675 DE
904 620 1119 684 PSALTERIO.

1296 624 1344 684 155

141 790 187 881 T]
230 792 322 870 lNon
339 792 483 858 declines
499 812 680 858 cormeum
697 793 731 857 in
748 791 850 856 uerbo
866 790 1013 855 malitiae¹
1213 782 1248 872 [f.
1266 784 1342 865 30b.

230 880 370 946 Custodi
387 900 441 944 me
455 901 476 946 a
492 880 722 964 laqueoquem
738 889 926 944 statuerunt
942 877 1022 941 mihi
1104 947 1105 950 Ἴ

228 976 262 1031 et
278 987 297 1030 a
312 967 478 1032 scandalis
493 968 701 1052 operantium
717 963 940 1049 iniquitatem²

231 1054 373 1118 Intende
388 1054 431 1118 ad
447 1054 714 1139 deprecationem
733 1074 841 1118 meam

141 1159 208 1221 440
229 1142 309 1223 quia
323 1140 515 1206 humiliatus
531 1162 605 1206 sum
622 1141 721 1206 nimis

232 1227 353 1292 Libera
369 1248 423 1292 me
438 1249 458 1292 a
473 1228 748 1313 persequentibus
765 1247 819 1291 me

230 1316 310 1397 quia
324 1314 499 1381 confortati
515 1325 593 1380 sunt
607 1336 707 1400 super
722 1315 789 1380 me⁸

190 1481 198 1488 ‚‚
233 1402 329 1468 Educ
345 1402 387 1466 de
402 1403 554 1468 custodia
569 1404 715 1468 animam
731 1421 841 1467 meam

232 1490 275 1554 ad
290 1489 516 1556 confitendum
533 1491 658 1556 nomini
674 1501 734 1555 tuo

143 1591 208 1660 445
233 1598 287 1642 me
301 1587 483 1662 expectant
499 1580 577 1644 iusti
592 1579 698 1644 donec
713 1578 873 1644 retribuas
890 1576 983 1640 mihi⁴

235 1666 380 1731 Domine
395 1668 519 1731 exaudi
534 1668 717 1732 orationem
735 1686 843 1731 meam

234 1754 367 1819 auribus
383 1756 514 1840 percipe
530 1755 792 1821 obsecrationem
809 1773 917 1818 meam
934 1752 967 1816 in
984 1750 1124 1816 ueritate
1139 1760 1198 1815 tua

233 1843 357 1907 exaudi
374 1863 428 1907 me
443 1843 477 1907 in
489 1854 547 1908 tua
562 1844 701 1909 iustitia⁶

236 1930 281 1996 Et
298 1950 363 1994 non
381 1931 481 1995 intres
498 1933 531 1996 in
548 1932 669 1997 iudicio
683 1951 759 1996 cum
775 1950 872 1994 seruo
887 1939 946 1993 tuo

146 2031 214 2097 450
234 2018 312 2100 quia
328 2037 394 2082 non
410 2019 639 2084 iustificabitur
653 2020 687 2083 in
702 2027 880 2101 conspectu
896 2027 956 2080 tuo
970 2015 1079 2080 omnis
1093 2015 1224 2080 uiuens⁸

237 2104 405 2171 Uelociter
419 2106 543 2170 exaudi
559 2126 613 2185 me
629 2105 747 2170 defecit
763 2105 896 2188 spiritus
913 2123 1006 2168 meus

235 2191 315 2257 Non
330 2201 460 2257 auertas
477 2192 593 2258 faciem
609 2203 701 2258 tuam
718 2214 739 2257 a
753 2211 808 2256 me

235 2287 269 2343 et
284 2279 399 2344 similis
415 2300 471 2344 ero
486 2280 755 2345 discendentibus
772 2281 804 2344 in
821 2277 942 2342 lacum'

236 2366 399 2432 Auditam
418 2368 497 2432 mihi
515 2368 564 2432 lac
581 2389 679 2433 mane
695 2365 951 2432 misericordiam
968 2372 1061 2430 tuam

148 2467 211 2536 455
236 2455 317 2538 quia
331 2456 364 2519 in
381 2465 415 2519 te
430 2458 559 2540 speraui

239 2541 363 2607 Notam
381 2543 432 2607 sac
447 2544 528 2608 mihi
544 2545 632 2608 uiam
650 2545 682 2608 in
698 2564 765 2628 quo
780 2542 948 2607 ambulem

236 2631 316 2714 quia
331 2631 373 2695 ad
389 2641 423 2695 te
439 2630 546 2696 leuaui
562 2632 708 2696 animam
726 2631 848 2696 meam⁸

239 2717 341 2802 Eripe
356 2738 410 2782 me
425 2719 468 2783 de
483 2720 623 2785 inimicis
640 2721 722 2785 meis
738 2719 872 2784 domine
887 2719 931 2783 ad
946 2729 981 2784 te
996 2717 1143 2803 coniugi·

238 2804 321 2869 doce
336 2825 391 2869 me
406 2805 512 2871 iacere
527 2807 735 2872 uoluntatem
751 2817 843 2871 tuam

150 2890 218 2971 460
239 2892 318 3044 guia
332 2892 414 2957 deus
431 2914 524 2960 meus
540 2915 576 2959 es
591 2904 628 2960 tu

267 2979 383 3063 piritus
399 2991 477 3046 tuus
493 2982 600 3053 bonus
616 2982 757 3065 deducet
773 3002 827 3047 me
842 2983 876 3046 in
891 2993 979 3072 terra
994 2984 1109 3047 recta¹⁰

239 3076 374 3150 propter
388 3088 509 3133 nomen
525 3078 621 3135 tuum
638 3068 772 3134 domine

239 3153 423 3220 uiuificabis
439 3176 493 3220 me
508 3157 541 3220 in
557 3156 716 3239 aequitate
730 3167 789 3220 tua

240 3238 371 3305 Educes
387 3241 429 3305 de
444 3242 656 3308 tribulatione
670 3243 817 3306 animam
834 3243 968 3307 meam¹¹

150 3327 213 3408 465
238 3338 272 3391 et
288 3328 321 3391 in
337 3328 558 3393 misericordia
572 3338 631 3393 tua
647 3329 818 3412 disperdes
833 3330 983 3393 inimicos
999 3348 1092 3393 meos

240 3413 287 3479 Et
303 3416 420 3499 perdes
436 3435 552 3480 omnes
568 3416 624 3499 qui
640 3415 799 3480 tribulant
815 3418 961 3480 animam
979 3435 1088 3479 meam
1167 3405 1172 3414 ’

238 3501 395 3585 quoniam
413 3522 477 3587 ego
491 3522 606 3567 seruus
621 3513 698 3566 tuus
714 3504 816 3566 sum¹¹

241 3587 369 3654 Emitte
386 3609 521 3654 manum
538 3598 631 3654 tuam
648 3590 690 3653 de
706 3590 774 3654 alto

241 3677 330 3761 eripe
347 3697 400 3741 me
416 3686 450 3740 et
466 3675 568 3742 libera
584 3697 637 3740 me
653 3677 695 3741 de
711 3676 806 3762 aquis
822 3676 936 3741 multis

153 3777 219 3845 470
241 3765 283 3827 de
301 3785 400 3830 manu
417 3763 556 3830 filiorum
572 3764 780 3830 alienorum¹⁸

243 3849 392 3934 Quorum
410 3872 447 3917 os
463 3852 610 3917 locutum
625 3861 678 3917 est
693 3853 875 3917 uanitatem

242 3949 276 4002 et
292 3939 430 4003 dextera
445 3959 558 4003 eorum
575 3938 716 4004 dextera
731 3938 939 4022 iniquitatis¹⁴

243 4027 336 4091 Deus
351 4027 516 4090 canticum
533 4046 656 4091 nouum
673 4028 816 4091 cantabo
831 4026 891 4090 tibi

242 4113 275 4176 in
292 4113 448 4196 psalterio
463 4112 668 4177 decachordo
684 4112 822 4197 psallam
839 4109 925 4177 tibi¹³

154 4212 216 4281 475
243 4198 310 4283 Qui
327 4201 386 4265 das
402 4200 543 4264 salutem
561 4201 692 4285 regibus

243 4288 299 4370 qui
316 4289 446 4352 redimit
463 4287 574 4351 Dauid
591 4307 721 4351 seruum
735 4307 829 4350 suum
848 4287 889 4349 de
905 4284 1017 4368 gladio
1033 4283 1204 4370 maligno¹⁰

205 4439 308 4490 Glossae
319 4441 354 4503 T]
385 4440 435 4502 466
451 4439 657 4500 omnes]ueleos
798 4437 847 4498 ⁴7⁶
864 4436 974 4498 redimit]
985 4435 1107 4498 [redimils
1171 4436 1254 4498 suum]
1265 4435 1357 4498 t[uum]

195 4535 332 4587 ¹Pttxl4
408 4535 546 4588 'Paculo
666 4534 723 4577 'Pe

155 4585 309 4629 ‘Peterin
411 4585 565 4638 ’Pscxlilp
667 4585 724 4626 'Pu

156 4636 222 4729 ’ἐξ
230 4636 337 4730 ἕῖἰὶιμίιιὲ
404 4636 422 4666 ¹⁸
436 4637 470 4680 ee
480 4635 538 4680 cxlii.
551 4651 580 4678 ra.
658 4636 675 4665 ¹⁸
690 4636 722 4678 Pe

769 4533 782 4575 i.

762 4584 791 4645 u

768 4648 791 4677 tu

735 4598 767 4676 err¹
802 4587 821 4626 8.
927 4582 1081 4635 'hesitio
1180 4582 1355 4626 ”maura

733 4649 759 4678 cx
792 4650 827 4686 .7.

733 4535 767 4577 cxl
793 4549 804 4585 7
927 4532 1075 4575 ‘Petalid-
1191 4531 1346 4575 ‘hallin

920 4632 1090 4676 ”haute
1181 4632 1351 4686 “hulllan-
