3052 5220
558 661 695 729 otum
712 661 762 714 ΙΝ
772 661 963 714 Excmls.

152 799 209 900 T]
231 801 273 877 ln
291 803 393 878 omni
412 823 581 903 tempore
598 804 853 881 benedicimus
870 825 908 881 te

231 922 268 978 et
286 903 481 981 laudamus
500 932 636 982 nomen
655 924 758 982 tuum

155 1028 205 1079 20
231 1005 266 1079 in
285 1025 466 1090 aeternum
485 1025 523 1084 et
542 1008 579 1083 in
597 1007 772 1084 saeculum
791 1007 930 1085 saeculi¹
948 1035 1058 1084 amen

234 1105 404 1206 Dignare
421 1109 573 1184 domine

232 1227 341 1283 nocte
359 1209 431 1284 ista
447 1209 529 1286 sine
546 1229 701 1308 peccato
720 1236 787 1286 nos
805 1211 992 1287 custodire

235 1307 460 1386 Benedictus
473 1336 515 1386 es
532 1312 683 1387 domine
701 1312 794 1388 deus
811 1331 959 1411 patrum
978 1331 1188 1388 nostrorum

231 1427 269 1485 et
286 1409 472 1488 laudabile
489 1430 527 1488 et
544 1411 747 1513 gloriosum
767 1440 904 1489 nomen
922 1431 1026 1489 tuum

155 1533 203 1607 25
232 1512 269 1587 in
286 1532 466 1589 aeternum
485 1534 523 1590 et
542 1514 579 1589 in
597 1514 772 1591 saeculum
791 1514 931 1592 saeculi²
947 1541 1058 1592 amen

231 1613 417 1706 [Domine
434 1618 528 1692 deus
545 1615 675 1692 salutis
693 1642 787 1693 meae
1197 1615 1275 1718 [fol.
1296 1617 1355 1712 9b.
1413 1613 1421 1628 ”

232 1714 269 1790 in
288 1716 349 1792 die
366 1716 523 1793 clamaui
541 1737 579 1793 et
599 1737 707 1794 nocte
725 1744 850 1796 coram
868 1737 906 1794 te

237 1817 354 1893 Intret
372 1820 492 1894 oratio
510 1845 594 1894 mea
612 1820 649 1894 in
667 1838 869 1918 conspectu
888 1838 953 1895 tuo

233 1917 368 1994 inclina
384 1945 512 1996 aurem
531 1940 632 1996 tuam
651 1922 699 1997 ad
718 1947 866 2020 precem
885 1947 1007 2012 meam
1026 1918 1193 1998 domine³

156 2043 207 2115 30
235 2019 352 2096 Scuto
370 2023 613 2098 circumdabit
631 2041 669 2099 te
687 2024 825 2099 ueritas
843 2024 923 2099 eius

233 2146 306 2198 non
325 2124 474 2200 timebis
491 2151 515 2200 a
532 2125 665 2201 timore
684 2125 881 2201 nocturn0⁴

216 2467 278 2543 FA]
317 2473 348 2527 18
369 2471 473 2528 cotidie
485 2477 543 2543 pro
555 2471 584 2527 in
597 2471 674 2528 omni
687 2482 814 2544 ternpore
826 2473 853 2527 A
1024 2486 1059 2526 20
1079 2471 1164 2527 seculi
1180 2472 1202 2528 F
1215 2470 1360 2527 saeculum

159 2541 265 2598 saeculi
278 2544 304 2596 A
388 2558 421 2608 22
435 2542 481 2598 die
487 2546 545 2615 pro
557 2555 641 2600 noete
653 2545 679 2597 A
763 2557 805 2611 24,
816 2556 848 2614 25
863 2559 965 2598 nomen
979 2552 1058 2598 tuum
1071 2541 1100 2598 in
1113 2543 1226 2598 saecula
1237 2558 1321 2598 amen
1333 2542 1361 2596 A

161 2624 195 2682 25
214 2628 267 2667 ons
281 2630 365 2669 amen
380 2614 403 2668 F
439 2631 488 2669 vv.
502 2615 586 2684 26-31
602 2632 653 2669 ons
667 2615 694 2670 A
703 2614 833 2669 redadd:
854 2612 991 2669 Miserere
1001 2611 1084 2669 nobis
1095 2612 1212 2670 domine
1227 2612 1360 2668 miserere

161 2682 254 2738 nobis·
274 2683 372 2740 Uerba
389 2701 454 2740 mea
473 2684 587 2742 auribus
606 2703 695 2758 usque
713 2695 741 2741 et
762 2685 834 2741 deus
852 2691 943 2740 meus·
954 2701 1038 2741 mane
1058 2694 1087 2740 et
1107 2683 1241 2741 exaudies
1261 2699 1361 2739 uocem

161 2760 265 2810 meent*
278 2771 362 2812 mane
374 2754 465 2812 oratio
477 2771 543 2812 mee
557 2755 720 2828 pmeueniet
732 2766 760 2811 te
772 2755 897 2812 domine·
911 2755 1020 2811 Diebus
1032 2756 1126 2828 adque
1137 2753 1268 2812 noctibus
1284 2753 1361 2810 horis

161 2835 247 2896 utque
259 2825 412 2882 momentis
429 2826 567 2884 miserere
581 2826 663 2883 nobis
681 2825 796 2883 domine
815 2825 999 2882 Orationibus
1016 2842 1051 2882 ac
1069 2825 1184 2883 meretis
1200 2835 1361 2883 unctorum

161 2907 275 2952 tuorum
299 2895 433 2953 miserere
456 2898 633 2969 Angelorum
651 2897 885 2968 archangelorum
911 2896 1134 2969 patriarcharum
1161 2896 1362 2970 prophetorum

162 2965 296 3022 miserere
314 2966 397 3023 nobis
415 2967 531 3024 domino
547 2967 749 3039 Apostolorum
770 2967 917 3024 martirum
935 2979 963 3024 et
981 2967 1175 3024 confessorum
1193 2968 1286 3041 adque
1302 2966 1362 3022 uni·

120 3108 125 3116 .
162 3053 246 3118 uersu
263 3037 370 3118 gradus
387 3049 549 3094 sanctorum
568 3036 701 3094 miserere
720 3037 818 3095 Gloria
835 3049 864 3094 et
882 3037 973 3093 honor
991 3036 1063 3108 petri
1082 3049 1110 3094 et
1128 3037 1167 3094 fili
1180 3037 1250 3106 (lilio
1261 3036 1319 3109 A*)
1334 3048 1363 3094 et

161 3117 271 3178 spiritur
290 3117 391 3165 sancto
408 3118 438 3164 et
449 3124 505 3165 nuc
517 3108 605 3191 (nune
622 3107 679 3177 All)
696 3118 726 3164 et
738 3124 851 3191 semper
863 3120 891 3164 et
906 3107 934 3190 in
950 3108 1064 3164 soeculo
1081 3109 1363 3191 saeculorumumen.

160 3191 250 3330 11111
261 3178 661 3330 ttultltdnlnllt’
671 3178 1365 3330 nirlltrltltttlntrmtllmtnt

161 3319 278 3376 domme
289 3320 466 3391 Angelorum
482 3330 512 3376 et
530 3320 765 3391 archangelorum
783 3319 1005 3392 patriarcharum
1024 3319 1253 3391 profetarumque
1271 3320 1363 3391 Apos-

164 3390 285 3446 tolorum
309 3407 344 3447 ac
494 3402 575 3448 met
600 3390 794 3448 consessorum
818 3401 903 3463 atque
928 3390 1050 3446 uniuersi
1071 3390 1177 3462 gradus
1202 3400 1365 3448 sanctorum

162 3473 276 3517 tuorum
288 3461 422 3518 miserere
462 3474 474 3518 t
486 3461 578 3519 scribe
590 3479 644 3519 nos
656 3463 685 3518 in
698 3461 770 3517 libro
783 3461 938 3517 uiuentium
958 3474 988 3517 ut
1004 3478 1056 3533 per
1074 3478 1187 3533 precem
1203 3473 1377 3519 unctorum*

163 3545 276 3589 tuorum
287 3531 401 3589 ueniam
414 3549 580 3590 mereamur.
593 3533 734 3590 miserere.
773 3534 881 3590 Praesta
893 3532 976 3589 nobis
988 3531 1103 3589 domine
1118 3544 1149 3588 ut
1160 3533 1234 3589 hauc
1251 3544 1365 3590 noctem

163 3603 226 3660 sine
243 3614 362 3675 pecceto
374 3620 428 3660 nos
447 3604 565 3661 transire
577 3604 720 3678 possimus
739 3604 872 3661 miserere
891 3603 974 3660 nobis
991 3603 1106 3660 domine
1119 3603 1217 3660 Gloria
1234 3614 1263 3661 et
1275 3603 1366 3660 honor

59 3723 64 3734 .
165 3674 237 3746 patri
255 3687 284 3730 et
302 3673 361 3730 filio
379 3687 407 3732 et
423 3674 531 3747 spiritui
549 3687 649 3732 sancto
664 3674 798 3732 miserere
811 3675 867 3744 Qui
885 3687 928 3730 est
943 3687 1009 3731 ante
1023 3675 1118 3730 seculo
1136 3685 1232 3731 meoet
1245 3674 1273 3731 iu
1285 3685 1366 3732 aeter·

165 3762 234 3801 num
253 3743 387 3801 miserere
414 3745 497 3802 nobis
521 3746 644 3803 domine
672 3746 805 3802 miserere
828 3745 945 3802 'Christe
970 3744 1092 3801 domine
1111 3744 1245 3802 miserere
1268 3756 1366 3802 sancte

165 3815 279 3873 domine
300 3815 439 3872 Mirabilis
453 3816 525 3873 deus
543 3817 572 3873 111
594 3817 700 3873 sanctis
719 3816 777 3872 suis
796 3817 867 3872 deus
890 3817 996 3872 Israhel
1016 3815 1076 3888 ipse
1092 3815 1171 3872 dabit
1191 3814 1323 3872 uirtutem
1338 3828 1366 3873 et

162 3886 356 3943 fortitudinem
369 3887 443 3958 plebi
457 3905 524 3956 suae,
537 3888 703 3944 benedictus
715 3888 797 3944 deus·

214 4016 318 4069 Glossse
330 4016 364 4080 T]
400 4015 430 4068 18
441 4017 467 4067 in
478 4018 558 4081 omni]
567 4018 594 4069 .i.
608 4018 634 4068 in
645 4018 770 4084 prosperis
780 4027 805 4068 et
823 4017 848 4067 in
860 4017 970 4068 aduersis
1093 4028 1122 4078 tp
1138 4032 1229 4066 nomen
1247 4016 1328 4079 tuum]
1339 4017 1363 4068 .i.

165 4081 246 4134 filium
266 4090 335 4132 tuum
467 4094 499 4133 22
519 4084 604 4147 nocte]
615 4083 642 4134 .i.
656 4083 729 4134 huius
748 4083 832 4134 saeculi
906 4082 1020 4148 peccato]
1032 4082 1057 4131 .i.
1075 4081 1129 4131 sine
1149 4082 1247 4133 mortali
1264 4082 1367 4134 crimine

167 4160 199 4212 23
212 4148 320 4211 petrum]
332 4148 359 4198 .i.
374 4148 605 4214 petn‘ercherumet
617 4150 788 4215 apostolorum
906 4159 937 4213 25
950 4149 974 4198 in
986 4147 1115 4210 soeculum]
1123 4146 1150 4197 .i.
1161 4147 1202 4199 hic
1213 4158 1237 4198 et
1247 4148 1273 4197 io
1284 4147 1367 4198 futuro

167 4226 198 4276 27
216 4214 241 4264 in
253 4213 305 4276 die]
316 4214 343 4264 .i.
358 4213 383 4264 in
395 4213 519 4280 prosperis
569 4214 654 4277 nocte]
665 4214 692 4264 .i.
704 4214 730 4264 in
742 4213 851 4265 tenebris
868 4214 950 4264 sreculi
963 4214 1035 4264 huius
1165 4224 1198 4276 29
1209 4213 1320 4289 precem]
1337 4213 1365 4264 .i.

166 4295 242 4345 quem
253 4279 334 4330 iuhoc
345 4295 450 4346 corpore
522 4279 570 4329 'tus
581 4279 659 4330 lundo
770 4291 803 4342 3o
821 4280 903 4341 scuto]
915 4279 941 4329 .i.
957 4279 1013 4330 lioet
1025 4279 1051 4328 in
1062 4293 1145 4329 errore
1155 4277 1230 4328 luens
1240 4279 1306 4343 quod
1318 4293 1368 4328 nox

164 4344 385 4422 esttnon'timebis
396 4344 455 4410 quis
499 4345 544 4395 bes
561 4354 659 4396 scutum
676 4344 788 4395 ueritetis
1000 4356 1029 4407 31
1050 4343 1159 4407 timebis]
1171 4342 1197 4394 .i.
1210 4359 1227 4393 e
1238 4344 1369 4395 tenebrose

168 4427 266 4461 sssrone
278 4426 434 4461 mimicorum

165 4692 174 4722 ⁸
191 4691 225 4734 Pr.
235 4690 298 4735 cxliv.
309 4706 327 4733 s.
413 4691 492 4734 'Dan
504 4689 533 4734 iii.
545 4693 577 4732 so.
662 4688 879 4736 *1111111111
981 4689 1038 4730 ‘Ps
1049 4701 1081 4730 re
1106 4719 1111 4730 .
1206 4687 1339 4732 'Pu-exuli.
1351 4704 1369 4742 ³·

299 4744 310 4772 ⁸
368 4756 388 4783 ν.
399 4757 418 4793 e,
428 4757 448 4796 3.
1072 4702 1200 4783 ’luunt
1211 4741 1245 4792 16.

324 4742 357 4785 ὴ
550 4738 558 4768 '
573 4742 607 4785 Pe
618 4755 639 4783 v.
648 4757 667 4793 4.
769 4740 780 4770 ⁸
794 4740 829 4782 ὴ
839 4732 926 4782 11111νί1.
940 4754 969 4801 14.

1196 4815 1267 4867 ruz
