3052 5220
151 633 199 684 ¹40
503 619 752 673 BAMENTATIO
767 619 794 671 S.
814 618 1008 672 AMBROSII.

209 738 236 779 ‘a

151 790 206 891 T]
224 774 232 792 ’
253 791 340 869 Nisi
358 815 420 866 me
436 789 650 866 adiuuasset
664 789 747 886 piu's
765 786 938 861 dominus
1138 883 1141 886 Ι

254 893 323 966 nisi
342 918 489 990 prome
508 888 778 988 interpellasset
789 887 941 986 spiritus
957 903 1108 962 sanctus
1248 957 1255 975 ,

255 993 325 1067 nisi
344 1018 412 1092 pro
430 1017 490 1066 me
509 991 681 1066 Christus
700 989 736 1063 in
755 1014 863 1063 cruce
881 1011 1087 1087 suspensus
1105 987 1237 1065 suisset

253 1095 323 1167 nisi
343 1093 504 1191 peccatis
522 1093 615 1167 meis
633 1092 704 1165 iam
725 1105 891 1189 parceret
951 1111 954 1119 ·

178 1217 227 1285 90
254 1195 400 1292 nisique
418 1194 629 1268 indulsisset
647 1217 730 1265 mea
747 1191 901 1265 crimina

255 1294 408 1392 nimphe
425 1294 608 1369 habitaret
628 1294 663 1366 in
684 1292 828 1367 inferno
844 1291 970 1367 anima
983 1316 1067 1366 mea

255 1396 328 1470 heu
348 1396 511 1471 heuheu
530 1395 618 1470 mihi
637 1395 788 1469 domine

256 1593 293 1672 Ο
314 1595 511 1671 multitudo
530 1594 763 1693 iniquitatum
783 1619 948 1668 meamm

255 1721 279 1769 o
298 1696 495 1770 ineffabilis
513 1697 652 1794 quippe
670 1714 821 1770 caterua
837 1694 1032 1770 criminum

162 1820 230 1872 100
257 1798 422 1894 oportuit
440 1815 537 1873 terra
555 1824 614 1872 me
631 1798 758 1871 uiuum
773 1797 924 1871 sorbere

256 1897 357 1973 ollim
389 1918 430 1974 ut
456 1898 655 2000 deglutiuit
686 1898 839 1974 Dathan
870 1916 908 1974 et
935 1897 1079 1972 Abiron
1106 1922 1190 1972 cum
1227 1895 1352 1971 multi·

307 2000 436 2074 tudine
1379 2064 1383 2070 .

257 2126 280 2175 o
298 2101 449 2175 domine
467 2126 534 2199 per
553 2101 771 2175 immensam
791 2099 1079 2176 misericordiam
1097 2118 1199 2174 tuam
1225 2098 1276 2173 ab
1293 2097 1354 2172 his

306 2202 479 2275 omnibus
498 2202 613 2275 libera
629 2202 793 2276 animam
812 2226 935 2275 meam

256 2301 330 2376 heu
349 2303 422 2378 heu
441 2302 514 2376 heu
532 2302 621 2376 mihi
641 2303 793 2377 domine
810 2302 896 2401 quia
915 2301 1066 2399 peccaui

257 2507 596 2585 Precortedomine
608 2525 736 2584 sancte
748 2527 855 2607 pater
865 2509 1103 2607 omnipotens
1114 2509 1357 2585 aeternedeus

160 2631 226 2702 105
255 2635 322 2706 per
333 2611 565 2710 unigenitum
578 2609 691 2684 filium
705 2629 809 2684 tuum
825 2611 949 2684 lesum
965 2610 1356 2686 Christumdominum

307 2729 474 2784 nostrum

257 2836 324 2907 per
341 2812 497 2910 gratiam
517 2810 743 2910 septiformis
760 2810 911 2908 spiritus

255 2937 322 3009 per
339 2930 376 2986 te
394 2938 507 2987 unum
526 2913 736 3009 trinumque
753 2911 865 2985 deum

257 3038 324 3111 per
356 3012 579 3089 ineffabilem
611 3014 832 3088 immensam
860 3038 1032 3111 magnam
1061 3012 1353 3089 misericordiam

308 3133 409 3188 tuam
448 3114 533 3190 dele
575 3115 808 3212 iniquitatem
850 3140 973 3188 meam
1003 3131 1042 3190 et
1072 3114 1225 3216 indulge
1242 3138 1355 3190 ‘com-

307 3215 422 3288 missa
438 3215 573 3290 delicta
591 3241 675 3290 mea
693 3217 845 3290 domine

255 3313 329 3390 heu
348 3316 421 3391 heu
439 3317 513 3391 heu
531 3316 620 3390 mihi

164 3541 234 3592 110
262 3515 419 3614 Quanto
439 3517 565 3614 Moysi
586 3517 759 3618 remisisti
778 3515 919 3616 legales
937 3513 1082 3590 tabulas
1100 3514 1323 3614 confrigenti

258 3637 399 3715 quanto
418 3617 547 3692 Aaron
567 3643 641 3693 non
660 3619 805 3716 priuato
823 3616 1032 3691 sacerdotio
1051 3614 1248 3690 idolazanti

258 3737 399 3815 quanto
414 3718 538 3793 Dauid
552 3740 590 3793 et
608 3718 739 3793 latroni
758 3718 866 3793 unius
880 3717 981 3793 horae
998 3717 1103 3791 uerbi
1120 3715 1356 3791 consessione

258 3837 401 3916 quanto
421 3820 456 3893 N
463 3819 668 3894 inuetarum
687 3819 858 3892 triduana
875 3819 1090 3915 penitudine

260 3939 403 4015 quanto
421 3946 487 4017 per
505 3946 670 3993 amarum
690 3919 815 3993 fletum
835 3935 891 3993 ter
909 3918 1060 4018 neganti
1082 3917 1194 3992 Petro
1228 3910 1272 4019 [f.
1294 3940 1352 3991 22.

165 4041 230 4114 115
260 4039 402 4115 quanto
423 4020 553 4094 Mariae
567 4019 827 4119 [Magdalenae
845 4037 949 4093 tanto
967 4020 1060 4093 deus
1077 4017 1167 4092 mihi
1186 4015 1339 4117 indulge

261 4119 334 4194 heu
353 4120 429 4195 heu
448 4121 521 4195 heu
540 4121 629 4194 mihi
647 4122 734 4218 quia
752 4121 903 4219 peccaui

243 4331 369 4408 ·Reus
387 4359 469 4407 sum
489 4333 618 4407 mortis
636 4350 827 4429 perpetuae
845 4331 881 4404 in
900 4347 1101 4429 conspectu
1120 4347 1185 4405 tuo
1202 4329 1354 4405 domine

261 4434 410 4509 retrusit
428 4452 536 4508 uetus
554 4433 674 4509 hostis
686 4434 849 4507 animam
867 4458 988 4506 meam
1007 4451 1116 4507 tenus
1134 4431 1220 4507 laeto

262 4560 327 4610 rex
345 4554 484 4610 aeterne
502 4554 540 4609 et
559 4535 768 4609 misericors
786 4533 878 4607 deus
896 4558 1002 4607 meus

165 4661 234 4712 120
260 4637 453 4711 recordare
471 4661 582 4734 quam
601 4634 723 4734 puluis
741 4653 779 4711 et
795 4659 881 4710 caro
894 4659 1022 4710 sumus
