3052 5220
439 632 654 685 PRAEFATIO
670 631 719 683 ΙΝ
734 628 986 683 enumeras.

402 1143 640 1244 [Parasino
676 1166 717 1218 nr
747 1135 1036 1242 Bananrcws]

184 1341 229 1432 T]
277 1345 478 1410 Benedictus
493 1345 657 1409 dominus.
707 1342 883 1408 Zacharias
899 1349 994 1426 pater
1009 1340 1169 1405 Iohannis
1184 1338 1319 1424 baptiza

185 1431 264 1498 fecit
293 1434 379 1497 hanc
412 1431 546 1497 laudem
585 1431 730 1497 domino.
777 1431 816 1494 ln
846 1437 998 1514 tempore
1026 1448 1108 1493 uero
1138 1426 1317 1494 Octauiani

186 1518 332 1603 Augusti
348 1519 435 1585 iecit.
445 1519 555 1586 Causa
570 1530 682 1584 autem
699 1517 879 1602 aliquando
895 1515 1088 1582 Stacharias
1103 1515 1136 1580 in
1152 1515 1316 1600 templum

185 1617 223 1671 ut
239 1607 426 1672 immolaret
449 1628 509 1691 pro
531 1607 656 1691 populo
680 1626 771 1670 more
793 1603 990 1669 sacerdotali
1013 1604 1159 1682 intrauit,
1172 1603 1252 1688 quia
1274 1603 1318 1667 dc

146 1707 160 1774 5
187 1694 315 1758 semine
328 1694 443 1758 Aaron
458 1705 493 1759 et
508 1696 551 1759 de
561 1696 652 1759 uicce
663 1693 753 1759 Abia
761 1691 949 1776 specialiter
959 1701 1056 1755 natus
1071 1702 1142 1756 cst:
1164 1691 1318 1755 sorseius

188 1782 385 1865 septimanae
416 1781 486 1846 suit.
530 1780 564 1845 A
595 1791 745 1863 tempore
774 1778 863 1843 enim
887 1776 999 1843 Dauid
1030 1778 1253 1843 sacerdotium
1284 1779 1317 1843 in

189 1889 285 1931 xxnn
315 1868 619 1951 intercognationes
650 1869 796 1933 diuersas
826 1865 971 1930 diuisum
995 1875 1055 1943 est,
1077 1875 1111 1930 et
1134 1886 1155 1931 a
1176 1865 1319 1931 sabbato

189 1974 293 2038 usque
324 1955 366 2019 ad
397 1955 573 2020 sabbatum
604 1955 830 2038 unusquisque
857 1954 1040 2017 ministerio
1063 1973 1124 2018 suo
1153 1953 1318 2018 utebatur.

188 2042 222 2104 A
247 2051 398 2124 tempore
419 2043 508 2106 enim
532 2042 646 2106 Aaron
672 2060 776 2123 usque
802 2042 844 2104 ad
872 2039 985 2104 Dauid
1008 2059 1094 2103 unus
1116 2050 1193 2123 post
1213 2059 1318 2104 unum

129 2145 167 2192 10
189 2129 333 2193 tenebat.
382 2128 514 2192 lntrans
537 2148 617 2210 ergo
641 2126 830 2192 Stacharias
853 2125 886 2189 in
910 2126 1074 2210 templum
1098 2137 1135 2191 ut
1158 2147 1218 2211 pro
1233 2136 1320 2192 sect

189 2235 249 2298 pro
261 2215 386 2297 populo
395 2213 527 2280 offerret
537 2215 700 2298 aspiciens
716 2214 748 2278 in
762 2215 938 2278 dexteram
954 2213 1110 2297 angelum
1127 2212 1319 2280 Gabrielem

188 2301 375 2385 lsedentem
392 2301 424 2365 in
442 2322 543 2366 cornu
559 2300 655 2365 altari
675 2302 760 2366 uidit
776 2311 809 2366 et
825 2300 992 2365 dicentem
1007 2301 1081 2379 sibi,
1097 2300 1176 2365 Noli
1192 2299 1261 2385 [sol.
1282 2318 1322 2366 10

188 2389 305 2453 timere
320 2389 399 2471 quia
415 2408 480 2453 non
497 2389 540 2453 ad
556 2389 710 2453 timorem
727 2388 786 2453 tibi
802 2387 1006 2452 afferendum
1026 2389 1085 2452 sed
1101 2389 1143 2452 ad
1159 2389 1320 2471 gaudium

190 2475 265 2539 ueni
279 2497 286 2552 ;
311 2474 486 2540 Elizabeth
501 2476 590 2540 enim
607 2476 712 2559 pariet
728 2475 787 2540 tibi
804 2474 907 2539 filium
924 2486 957 2539 et
969 2475 1144 2540 uocabitur
1155 2474 1323 2541 lohannes

130 2580 164 2645 15
190 2572 223 2627 et
240 2583 380 2646 magnus
396 2564 457 2626 erit
467 2583 578 2628 coram
588 2564 654 2627 deo
668 2572 702 2626 et
719 2561 916 2628 hominibus.
956 2562 1001 2626 Et
1019 2560 1209 2627 Stacharias
1224 2563 1324 2639 dixit,

192 2649 373 2732 Quomodo
388 2649 446 2714 fiet
461 2650 523 2713 hoc
544 2670 648 2732 quum
665 2650 912 2732 praetermiserit
929 2669 990 2714 nos
1008 2658 1142 2734 tempus
1160 2651 1323 2733 parendi?

192 2735 344 2819 Angelus
354 2736 536 2820 respondit,
547 2735 583 2802 Si
597 2738 698 2801 homo
708 2736 767 2801 tibi
778 2736 841 2800 hoc
854 2737 1062 2818 promitteret
1071 2735 1209 2801 deberes
1220 2737 1323 2803 uerba

192 2824 262 2887 eius
272 2823 424 2888 dubitare
438 2845 445 2897 ;
468 2843 532 2906 ego
542 2843 620 2888 uero
629 2824 768 2905 angelus
783 2825 836 2888 dei
849 2843 922 2886 sum
935 2833 969 2887 et
979 2825 1125 2888 consisto
1135 2823 1168 2888 in
1179 2845 1324 2908 praesen·

195 2910 240 2974 tia
253 2911 322 2974 eius
334 2921 367 2974 et
378 2911 480 2976 uerba
488 2911 559 2973 eius
568 2911 628 2976 tibi
642 2921 754 2995 porto;
766 2920 799 2975 et
812 2910 886 2975 ideo
896 2930 962 2975 non
972 2911 1075 2976 debes
1084 2911 1236 2977 dubitare
1246 2932 1325 2997 quae

131 3015 172 3063 20
194 2997 282 3075 dixi;
297 3008 331 3063 et
342 2998 388 3063 ob
397 2998 429 3062 id
442 2998 486 3063 ab
495 2997 556 3062 hac
566 2998 621 3061 die
633 3018 736 3081 usque
747 3018 828 3081 puer
838 3013 993 3063 nascatur
1004 3019 1070 3063 non
1087 2997 1239 3082 loqueris.
1278 3000 1326 3065 Et

195 3087 242 3149 ita
252 3084 375 3150 sactum
391 3094 442 3148 est
457 3086 564 3150 donec
581 3085 755 3168 impletum
771 3097 821 3150 est
836 3086 927 3169 quod
943 3085 1126 3169 promisum
1141 3095 1200 3151 est.
1236 3085 1326 3152 Con·

196 3173 285 3255 cepit
300 3173 387 3237 enim
405 3172 581 3237 Elizabeth
598 3182 631 3236 et
646 3173 774 3257 peperit
791 3171 915 3251 filium3
937 3187 971 3236 et
987 3173 1121 3258 cognati
1138 3174 1327 3240 denomine

197 3261 289 3343 pueri
314 3271 455 3325 matrem
482 3260 552 3323 eius
577 3260 834 3343 interrogabant,
859 3271 894 3325 et
923 3260 1094 3344 respondit
1117 3272 1223 3325 mater
1245 3261 1327 3338 cius,

200 3347 366 3413 lohannes
382 3358 527 3413 uocetur.
544 3347 613 3412 Alii
630 3367 709 3411 uero
723 3347 989 3411 contradicentes
1010 3345 1176 3424 dicebant,
1190 3348 1327 3412 nomine

134 3449 172 3515 25
199 3435 302 3516 patris
317 3446 461 3500 uocetur.
508 3434 695 3499 Elistabeth
706 3446 818 3499 autem
831 3435 919 3499 dixit
931 3444 968 3499 ut
977 3443 1132 3518 rogarent
1143 3442 1272 3516 patrem
1289 3444 1327 3500 ut

198 3522 321 3585 scribat
351 3541 472 3585 nomen
496 3520 553 3584 tilii
577 3522 635 3585 sui.
667 3521 842 3585 Zacharias
869 3541 948 3585 uero
971 3522 1017 3585 ita
1039 3528 1175 3603 rogatus
1196 3522 1328 3586 locutus

199 3618 250 3671 est
275 3618 310 3672 et
333 3608 430 3684 dixit,
447 3608 596 3672 Uocetur
619 3628 700 3690 puer
726 3608 912 3686 lohannes;
934 3617 968 3672 et
993 3608 1152 3672 continuo
1178 3605 1329 3673 laudauit

199 3694 372 3758 dominum
388 3695 541 3773 dicendo,
555 3699 562 3726 ‘
576 3695 777 3760 Benedictus
792 3695 948 3759 dominus
963 3696 1046 3759 deus
1065 3690 1196 3760 lsrael.'¹

186 3916 221 3990 Ρ]
261 3934 270 3973 1
286 3937 337 3974 om.
352 3920 483 3976 dominus
629 3935 650 3988 ι,
664 3935 678 3975 2
698 3920 815 3976 Zachair
826 3920 918 3976 athair
932 3920 1033 3976 lohain
1045 3919 1168 3977 babtaist
1180 3914 1289 3976 dorone
1302 3919 1330 3974 in

130 3988 304 4046 n-immnnsa
317 3990 345 4045 in
361 3992 513 4047 ierusalem
532 3991 666 4047 immam
683 3992 811 4048 doronad
823 3996 881 4064 pro
897 3991 1047 4048 Zacharias
1083 4031 1090 4048 .
1126 4031 1134 4047 .
1169 4032 1177 4047 .
1213 3990 1331 4048 domino

131 4074 147 4128 3
166 4060 272 4116 sactum
285 4073 327 4119 est
334 4067 392 4135 pro
404 4062 469 4120 lecit
505 4081 574 4119 uero
586 4063 657 4118 haec
669 4073 712 4117 est
720 4067 775 4134 pro
787 4073 882 4119 autern
918 4061 1067 4118 Zacharias
1235 4075 1248 4133 5
1267 4062 1331 4119 uice

130 4143 157 4186 et
171 4149 233 4187 sors
354 4133 526 4202 7diuissum
638 4150 691 4188 om.
705 4145 748 4189 est
865 4149 897 4188 ro
914 4132 1064 4189 Zacharias
1182 4147 1209 4189 ιι
1231 4132 1330 4189 offeret

132 4217 163 4256 12
182 4203 279 4258 altaris
406 4219 438 4274 13
456 4222 574 4260 nonrec.
588 4223 662 4259 rnan.
708 4204 890 4274 gaudendum
1018 4220 1049 4272 14
1067 4203 1157 4286 pariet
1162 4208 1233 4276 port
1241 4203 1330 4260 filiurn

133 4286 163 4342 ¹5
182 4273 252 4329 dixit
264 4274 415 4331 Zacharias
428 4275 571 4346 quomodo
584 4276 637 4331 hoc
651 4274 698 4330 liat
716 4275 793 4346 quod
903 4276 935 4330 16
952 4275 1078 4346 pariendi
1186 4289 1216 4330 21
1238 4275 1330 4332 donec

129 4345 205 4414 quod
219 4343 389 4415 promissum
401 4355 445 4402 est
458 4345 603 4418 impletum
801 4361 816 4400 2
819 4361 835 4416 3
854 4345 993 4416 responait
1029 4364 1081 4402 om.
1095 4345 1155 4401 eius
1161 4349 1230 4471 for!
1240 4356 1331 4401 mater

129 4429 162 4480 24
182 4414 322 4470 uocitetur
464 4430 497 4486 25
517 4416 661 4471 Elizabeth
700 4433 766 4472 uero
773 4420 830 4487 pro
841 4429 936 4472 autem
1060 4416 1095 4471 26
1113 4415 1152 4472 ita
1174 4427 1274 4472 ocutus
1287 4426 1332 4474 est

129 4485 318 4556 interrogatus
472 4502 504 4555 27
525 4487 651 4544 laudabit
793 4487 826 4542 28
845 4505 897 4543 om.
914 4488 1001 4543 lsrael

576 4678 594 4730 ,¹
607 4678 641 4722 Cf.
653 4680 691 4723 Le.
704 4678 717 4722 i.
729 4693 786 4732 5-24,
795 4681 866 4732 ⁶043.
