3052 5220
1341 332 1346 346 t

152 631 197 693 148
370 631 584 685 ORATIONES
598 631 828 684 BXCERI’TAE
842 632 899 683 DE
913 630 1129 685 PSALTERIO.

151 793 196 879 T]
239 797 377 882 Exurge
392 806 427 860 et
441 796 577 861 intende
592 796 714 861 iudicio
730 815 805 861 meo

238 884 320 948 deus
337 905 430 949 meus
446 895 480 949 et
494 884 648 950 dominus
661 904 753 948 meus
765 885 798 948 in
815 902 949 947 causam
966 879 1088 947 meam¹

242 971 356 1035 ludica
372 992 426 1037 me
440 972 622 1036 secundum
638 971 798 1035 iustitiam
813 981 906 1035 tuam

240 1058 373 1122 domine
388 1060 471 1123 deus
486 1078 579 1123 meus
595 1068 629 1122 et
645 1078 709 1121 non
725 1058 984 1142 supergaudiant
997 1057 1091 1121 mihi¹

242 1144 271 1208 N
276 1165 319 1209 on
334 1146 448 1211 dicant
463 1147 496 1210 in
512 1146 664 1210 cordibus
680 1145 748 1209 suis

159 1245 215 1310 155
241 1252 325 1315 euge
342 1253 425 1316 euge
440 1234 552 1297 anima
567 1242 678 1296 nostra

242 1339 301 1383 nec
317 1320 430 1384 dicant
445 1320 676 1385 deuorabimus
691 1321 781 1383 eum³

243 1406 320 1472 Non
337 1407 449 1473 ueniat
466 1407 546 1473 mihi
563 1427 621 1492 pes
637 1407 800 1491 superbiae

241 1504 275 1558 et
291 1514 409 1559 manus
424 1494 605 1577 peccatoris
621 1514 686 1558 non
703 1503 835 1558 moueat
852 1492 918 1557 me*

244 1580 319 1644 Non
337 1581 543 1665 derelinquas
561 1601 614 1645 me
629 1581 763 1645 domine
779 1581 860 1644 deus
878 1599 970 1644 meus

160 1664 220 1728 160
243 1687 284 1730 ne
300 1668 488 1732 discesseris
503 1688 524 1731 a
540 1667 606 1732 me⁵

245 1755 385 1819 Intende
401 1757 434 1819 in
450 1755 648 1819 adiutorium
666 1775 776 1819 meum

242 1841 376 1906 domine
391 1843 474 1907 deus
490 1842 607 1906 salutis
624 1841 720 1906 meae⁶

244 1929 369 1993 Notum
387 1929 438 1994 sac
455 1930 534 1993 mihi
549 1930 683 1993 domine
699 1928 797 1993 finem
815 1949 932 1993 meum

245 2016 289 2082 Et
306 2037 478 2082 numerum
494 2017 620 2081 dierum
638 2037 785 2082 meorum
801 2018 875 2101 quis
890 2026 942 2082 est

162 2101 216 2182 165
243 2114 278 2166 ut
295 2105 396 2168 sciam
413 2104 492 2187 quid
509 2104 595 2168 desit
612 2104 704 2167 mihi¹

243 2191 300 2254 Ab
315 2191 468 2256 omnibus
484 2191 712 2274 iniquitatibus
730 2190 812 2254 meis
827 2211 904 2255 erue
920 2189 987 2255 me⁸

244 2297 362 2341 amoue
378 2298 398 2341 a
414 2297 468 2341 me
483 2277 599 2361 plagas
615 2275 703 2341 tuas⁹

243 2364 377 2427 Exaudi
393 2364 574 2428 orationem
592 2383 700 2427 meam
717 2363 850 2427 domine
866 2374 900 2428 et
915 2364 1181 2447 deprecationem
1198 2383 1310 2428 meam

241 2450 373 2514 auribus
389 2451 521 2531 percipe
536 2449 718 2531 (lacrimas)
734 2468 824 2512 meas

161 2552 220 2613 170
244 2534 296 2598 Ne
311 2535 401 2599 silias
417 2536 572 2618 quoniam
589 2536 719 2600 aduena
734 2554 807 2599 sum
823 2537 913 2618 apud
930 2547 962 2601 te

240 2633 274 2686 et
290 2623 472 2706 perigrinus
487 2624 571 2687 sicut
586 2642 702 2686 omnes
718 2632 828 2704 patres
844 2623 936 2687 mei¹⁰

243 2709 390 2773 Remitte
406 2709 486 2773 mihi
503 2709 636 2774 domine
652 2720 688 2773 ut
705 2707 874 2791 refrigerer

242 2797 397 2880 priusque
412 2797 522 2861 abiam
539 2806 572 2860 et
587 2795 729 2880 amplius
745 2816 810 2859 non
827 2795 906 2860 ero¹¹

243 2883 295 2947 Tu
313 2893 424 2948 autem
439 2884 573 2947 domine

164 2983 218 3048 175
245 2991 286 3034 ne
302 2970 400 3054 longe
415 2970 515 3034 iacies
533 2971 757 3034 miserationes
772 2980 847 3034 tuas
863 2990 883 3034 a
899 2974 978 3035 me¹²

246 3057 461 3142 Complaceat
478 3059 537 3122 tibi
554 3058 688 3122 domine
705 3068 740 3122 ut
756 3077 851 3122 eruas
869 3078 921 3122 me

245 3147 378 3209 domine
394 3146 436 3209 ad
452 3146 676 3210 adiuuandum
693 3165 747 3209 me
763 3146 913 3230 respice¹⁸

246 3232 498 3298 Confundantur
512 3242 546 3297 et
562 3233 762 3297 reueriantur
776 3233 872 3297 simul

245 3320 302 3403 qui
318 3330 459 3404 querunt
476 3321 621 3384 animam
638 3340 746 3384 meam
763 3330 801 3384 ut
817 3320 966 3385 auferant
981 3339 1056 3385 earn

166 3407 225 3469 180
248 3405 490 3472 Conuertentur
506 3418 679 3472 retrorsum

246 3505 279 3556 et
295 3495 496 3558 reueriantur
510 3496 567 3577 qui
583 3494 698 3558 uolunt
714 3494 794 3558 mihi
812 3494 923 3558 mala¹⁴

248 3580 370 3645 Ferant
385 3581 560 3645 confestim
577 3581 819 3645 confussionem
835 3601 929 3646 suam

247 3668 303 3749 qui
320 3668 434 3732 dicunt
450 3667 529 3731 mihi
545 3688 628 3750 euge
643 3668 753 3751 euge¹⁵

248 3754 412 3819 Exultent
427 3766 461 3819 et
477 3754 629 3819 laetentur
642 3775 742 3839 super
755 3766 789 3820 te
804 3764 920 3820 omnes
934 3763 1109 3838 querentes
1126 3763 1159 3819 te

167 3840 222 3919 185
248 3852 280 3904 et
297 3841 411 3906 dicant
426 3861 557 3925 semper
572 3841 800 3925 magnificetur
814 3843 968 3907 dominus

246 3928 302 4010 qui
319 3928 461 4010 diligunt
475 3929 618 3993 salutare
634 3932 755 3993 tuum¹⁰

248 4015 324 4097 Ego
339 4028 451 4080 autem
469 4016 665 4080 menditicus
680 4037 753 4081 sum
770 4026 803 4080 et
819 4035 945 4100 pauper

248 4102 402 4166 dominus
418 4102 577 4167 sollicitus
593 4112 644 4166 est
659 4104 739 4168 mihi

247 4188 393 4253 Adiutor
408 4210 503 4254 meus
519 4199 553 4253 et
569 4200 736 4271 protector
752 4209 895 4255 meuses

166 4292 225 4355 190
248 4275 328 4339 deus
345 4297 438 4340 meus
452 4297 492 4341 ne
508 4277 715 4340 tardaueris¹‘

198 4486 204 4513 ¹
219 4484 254 4526 Px.
264 4482 335 4525 xxxiv.
347 4497 377 4536 ²3·
504 4484 514 4512 ¹
529 4482 563 4525 Ps.
574 4482 645 4526 xxxiv.
656 4499 687 4535 ²⁴·
848 4487 857 4514 ¹
871 4486 905 4528 Px.
916 4485 988 4529 xxxiv.
999 4500 1031 4537 15.

159 4536 168 4562 ⁵
184 4535 216 4577 Ρ1.
227 4533 306 4576 xxxvii.
318 4548 348 4575 11,
500 4533 511 4562 ⁸
525 4533 560 4575 Px.
570 4533 649 4576 xxxvii.
662 4549 694 4587 ²³·
846 4536 855 4566 7
870 4536 904 4579 Ps.
914 4535 1001 4579 xxxviii.
1012 4551 1031 4588 ς.

158 4588 169 4612 ’
183 4586 216 4626 Px.
228 4583 315 4626 xxxviii.
327 4599 356 4626 11.
493 4583 511 4612 ¹⁰
525 4584 558 4626 rc
569 4583 658 4627 xxxviii.
669 4600 699 4637 ¹3.
837 4587 851 4614 ¹¹
868 4586 901 4628 Ps.
912 4585 1000 4630 xxxviii.
1012 4601 1041 4638 14.

161 4637 177 4713 :³
192 4635 309 4727 {xxxxix
322 4650 351 4726 ¹⁴⁸·
497 4634 514 4663 ¹⁴
527 4634 562 4677 Ps.
572 4632 645 4677 xxxix.
657 4649 687 4686 ις.
837 4637 854 4664 ¹⁸
868 4637 903 4678 Pa.
912 4636 985 4680 xxxix.
999 4640 1029 4680 16.

170 4702 174 4714 ¹
209 4699 226 4729 ι
237 4699 308 4728 xxxrx.
325 4701 333 4726 1
350 4715 355 4727 .
