3052 5220
33 39 1079 509 -j-

364 654 580 707 ORATIONES
594 654 825 707 Exclamas
839 652 895 705 DE
902 652 1000 716 ,psal
1007 652 1127 705 YERIO.
1305 658 1350 716 153

153 811 199 902 T]
239 815 314 880 Fiat
329 834 512 880 cormeum
529 813 780 879 immaculatum
796 813 830 876 in
846 811 1133 877 iustificationibus
1147 810 1213 876 tuis

240 912 276 967 ut
292 921 358 966 non
374 901 568 966 confundar¹

156 1001 215 1071 355
242 988 352 1073 Iniqui
369 988 531 1072 persecuti
546 997 625 1053 sunt
640 1006 694 1051 me
708 987 832 1052 adiuua
848 989 915 1050 me¹

240 1074 433 1142 Secundum
449 1073 705 1138 misericordiam
721 1083 815 1138 tuam
831 1072 963 1137 uiuifica
978 1092 1032 1136 me

240 1172 277 1227 ut
293 1161 479 1227 custodiam
494 1159 686 1226 testimonia
699 1160 765 1225 oris
780 1161 842 1226 tui⁸

241 1249 336 1314 Tuus
351 1268 424 1313 sum
440 1268 505 1331 ego
518 1247 649 1312 saluum
666 1267 720 1312 me
735 1246 786 1312 iac

159 1425 222 1505 3⁶0
241 1333 1083 1488 isai?:iiiitttssiitri‘tttit‘nn

244 1509 442 1577 Uoluntaria
456 1510 520 1574 oris
544 1510 609 1574 mei
625 1509 833 1605 beneplacita
847 1510 899 1575 iac
915 1511 1049 1575 domine

241 1607 275 1662 et
291 1597 412 1662 iudicia
426 1605 484 1661 tua
499 1597 581 1661 doce
597 1600 664 1661 me⁸

243 1684 384 1768 Suscipe
399 1703 453 1748 mc
468 1684 651 1749 secundum
667 1684 836 1770 eloquium
853 1693 948 1749 tuum
964 1694 998 1748 et
1014 1684 1125 1748 uiuam

242 1781 276 1837 et
292 1791 359 1836 non
374 1770 558 1836 confundas
571 1792 625 1836 me
640 1773 684 1839 ab
697 1773 933 1857 expectatione
949 1770 1036 1836 mea¹

161 1859 219 1943 365
244 1859 383 1924 Adiuua
399 1879 452 1923 me
467 1869 502 1924 et
517 1859 629 1925 saluus
644 1859 713 1925 ero⁸

244 1944 383 2030 Confige
398 1967 418 2011 a
432 1947 551 2011 timore
566 1956 627 2013 tuo
640 1969 755 2013 carnes
770 1948 876 2013 meas·

243 2033 322 2098 Non
337 2035 449 2099 tradas
465 2054 519 2099 me
534 2035 834 2119 calumpniantibus
850 2035 930 2100 mihi
946 2034 1105 2118 superbi¹⁰

243 2121 311 2186 Fac
326 2141 402 2187 cum
418 2142 515 2187 seruo
530 2133 590 2187 tuo
604 2123 786 2188 secundum
804 2122 1060 2188 misericordiam
1076 2131 1170 2186 tuam

242 2217 277 2273 et
293 2207 541 2275 iustificationes
557 2219 632 2275 tuas
648 2210 730 2276 doce
746 2212 823 2275 me¹¹

159 2313 223 2381 370
246 2294 369 2363 Seruus
384 2307 462 2362 tuus
478 2318 553 2363 sum
569 2318 634 2384 ego

245 2384 289 2448 da
305 2385 386 2449 mihi
402 2384 606 2450 intellectum
622 2396 660 2451 ut
675 2386 777 2450 sciam
794 2384 986 2449 testimonia
1000 2386 1085 2450 tua¹’

246 2471 372 2555 Aspice
388 2473 421 2537 in
439 2483 542 2538 meet
557 2474 711 2538 miserere
728 2473 792 2537 mei

246 2560 429 2626 secundum
444 2561 601 2626 iudicium
617 2560 825 2647 diligentium
842 2580 964 2624 nomen
977 2561 1098 2624 tuum¹⁸

247 2645 389 2713 Gressus
405 2669 497 2714 meos
513 2648 617 2735 dirige
631 2648 815 2714 secundum
831 2647 999 2731 eloquium
1015 2657 1110 2713 tuum

161 2749 222 2817 375
247 2744 284 2799 ut
300 2755 366 2800 non
383 2735 573 2801 dominetur
587 2757 641 2801 me
656 2736 764 2801 omnis
783 2736 969 2801 iniustitia¹⁴

248 2822 390 2886 Redime
405 2843 460 2887 me
475 2845 495 2888 a
509 2823 695 2908 calumpnis
711 2822 883 2888 hominum

247 2917 284 2973 ut
299 2909 484 2975 custodiam
501 2910 660 2976 mandata
669 2911 755 2975 tua¹³

249 2995 382 3060 Faciem
398 3006 491 3061 tuam
507 2997 658 3062 illumina
672 3017 773 3081 super
787 3017 919 3062 seruum
936 3007 1032 3062 tuum

246 3093 281 3147 et
295 3082 378 3146 doce
394 3102 448 3147 me
463 3083 712 3149 iustificationes
727 3085 830 3149 tuas¹⁸

162 3170 227 3252 380
248 3168 294 3233 Et
310 3167 513 3233 intellectum
530 3169 574 3233 da
589 3168 670 3234 mihi
685 3179 720 3234 et
735 3170 874 3234 uiuam¹²

248 3254 400 3321 Clamaui
416 3256 448 3319 in
466 3264 538 3320 toto
553 3255 651 3320 corde
667 3276 743 3320 meo
757 3255 881 3319 exaudi
898 3274 952 3320 me
967 3255 1102 3320 domine

246 3340 495 3407 iustificationes
511 3352 587 3407 tuas
607 3343 797 3426 requiram¹⁸

248 3428 401 3495 Clamaui
417 3430 460 3493 ad
476 3439 510 3493 te
525 3429 656 3494 saluum
673 3449 727 3494 me
743 3429 795 3493 iac

246 3526 281 3581 et
296 3516 482 3581 custodiam
500 3516 659 3581 mandata
672 3517 757 3581 tua¹’
1256 3512 1292 3602 [f.
1310 3530 1358 3595 30.

163 3605 223 3687 385
247 3603 392 3688 [Uocem
409 3624 518 3668 meam
535 3603 613 3668 audi
628 3604 811 3670 secundum
829 3623 986 3689 magnam
997 3603 1253 3668 miscricordiam
1265 3612 1358 3667 tuam

248 3702 283 3757 et
298 3691 480 3756 secundum
496 3691 653 3757 iudicium
670 3701 765 3756 tuum
783 3690 915 3755 uiuifica
931 3692 1010 3754 me'⁰

250 3778 338 3846 Uide
353 3777 575 3844 humilitatem
593 3800 701 3844 meam
717 3789 752 3844 et
767 3780 857 3864 eripe
873 3799 926 3842 me

249 3867 327 3950 quia
343 3865 451 3951 legem
468 3877 560 3932 tuam
578 3887 644 3932 non
660 3887 735 3933 sum
751 3866 898 3933 oblitus¹1

252 3953 365 4018 iudica
380 3954 537 4019 iudicium
555 3975 665 4020 meum
682 3965 716 4020 et
733 3955 857 4019 redime
873 3974 926 4018 me

164 4058 228 4124 390
250 4051 385 4125 propter
398 4040 566 4125 eloquium
582 4051 677 4106 tuum
694 4041 829 4106 uiuifica
841 4039 920 4105 me¹¹

251 4129 486 4193 Misericordiae
501 4138 569 4192 tuae
585 4128 700 4194 multae
716 4128 851 4194 domine

249 4217 430 4281 secundum
448 4215 604 4280 iudicium
620 4226 715 4281 tuum
732 4214 865 4281 uiuifica
880 4214 960 4279 me'⁸

249 4303 394 4368 Domine
410 4304 443 4366 in
460 4303 681 4368 misericordia
697 4313 756 4368 tua
771 4302 903 4368 uiuifica
919 4304 997 4368 me⁸⁴

201 4465 379 4510 tramitae
498 4465 680 4510 mcxviii&
831 4465 1012 4510 ’pronitus

164 4516 357 4568 *remum
496 4516 690 4560 ‘Pr-cxviiirod.
833 4516 1028 4560 ’handus

162 4567 365 4662 msam
492 4567 697 4662 ursin
828 4566 1032 4662 man:-

162 4634 365 4720 namuri.
492 4634 699 4722 *numdi
832 4633 1034 4720 ”armandi

162 4719 364 4774 ”hmilitsa
493 4718 698 4764 ’ὴανίῑῑμ
831 4717 1033 4773 'Pacuviiirsd
