3052 5220
1366 345 1369 349 ·
1422 345 1428 353 a

152 603 196 650 104
328 593 361 644 11
362 593 492 648 YMNUS
506 595 533 646 S.
555 593 690 646 FIECHI
705 592 751 644 IN
764 592 811 643 LA
817 592 932 647 UDEM
944 592 972 643 S.
991 592 1170 646 PATRICII.

678 1108 829 1194 [none]

214 1255 255 1339 T]
298 1260 346 1319 iol.
367 1279 378 1319 ι
384 1259 432 1338 5b.
448 1260 480 1319 in
493 1268 555 1337 sup.
571 1279 662 1337 marg.

470 1341 626 1420 participet
645 1342 737 1402 altero
757 1350 881 1420 peccato
903 1351 932 1401 et
954 1339 1036 1401 aliud
1057 1340 1202 1418 lacereq
1243 1384 1250 1399 .
1294 1384 1302 1398 .
1345 1384 1352 1399 .

157 1420 204 1481 vii.
222 1420 408 1497 disperabilis
428 1422 612 1501 disperation
653 1470 660 1483 .
702 1467 710 1483 .
754 1468 760 1483 .
803 1420 974 1502 penitentiae
995 1419 1071 1485 Cain
1092 1421 1237 1499 deceptus
1258 1431 1305 1480 est
1324 1431 1355 1480 et

158 1502 249 1563 Iudas
264 1502 399 1564 scarioth
413 1503 522 1582 laqueo
536 1523 568 1565 se
583 1505 723 1566 macmuit
764 1549 771 1565 .
815 1550 822 1565 .
865 1502 896 1565 id
918 1515 964 1565 est
978 1522 1044 1565 sera
1065 1515 1133 1580 post
1148 1502 1251 1563 Dauid
1270 1499 1353 1574 dicit,

157 1583 194 1643 In
209 1584 326 1645 inferno
340 1596 441 1647 autem
456 1587 522 1663 quis
536 1584 727 1647 confitebitur
737 1584 792 1648 tibi
800 1585 823 1646 ?¹
864 1631 872 1647 .
916 1632 923 1647 .
966 1631 974 1648 .
1016 1582 1063 1646 dis
1071 1583 1209 1663 penitens
1222 1601 1356 1662 conpun-

155 1663 232 1743 gitur
247 1666 278 1727 id
293 1677 338 1727 est
352 1664 456 1727 diuina
469 1668 562 1746 gratia
576 1668 770 1746 preueniente
783 1678 817 1728 ut
837 1665 951 1729 bonum
993 1710 1353 1728 ........

156 1743 287 1825 perlecta
301 1748 467 1825 penitentia
479 1750 575 1828 agitur
588 1749 684 1828 primo
685 1794 995 1824 .......
1037 1747 1077 1809 de
1092 1748 1229 1809 Iohanne
1239 1746 1355 1809 dictum

155 1841 209 1901 est,
233 1830 304 1890 Erat
325 1829 538 1892 uestimentum
558 1829 623 1892 eius
643 1831 682 1892 de
703 1830 770 1910 pilis
791 1831 1004 1892 camellorum.¹
1044 1829 1194 1903 Secundo,
1213 1827 1245 1890 in
1265 1827 1357 1889 corde

156 1929 231 1987 puro
247 1922 278 1971 ut
293 1923 338 1972 est
352 1931 405 1972 cur
445 1957 452 1972 .
496 1957 503 1972 .
545 1913 610 1973 eth
646 1959 653 1973 .
690 1959 696 1974 .
734 1959 740 1974 .
777 1912 927 1974 dominus.
969 1913 1118 1987 Intentio,
1133 1911 1164 1972 in
1179 1910 1355 1973 elimoisinls

156 2002 189 2052 ut
212 1992 322 2054 Daniel
345 1991 439 2065 dicit,³
453 1994 572 2054 Placeat
597 1991 651 2054 tibi
676 1992 833 2055 consilium
857 2013 968 2067 meum,
991 2012 1011 2055 o
1031 2012 1089 2070 rex,
1110 2005 1140 2054 et
1160 2005 1284 2073 peccata
1305 2002 1357 2051 tua

155 2073 330 2134 elimoisinis
345 2075 466 2135 redime.
509 2075 635 2151 Quarto,
649 2075 681 2134 in
694 2075 898 2137 misericordia
918 2087 950 2136 ut
972 2086 1025 2146 est,
1042 2075 1127 2137 Beati
1148 2073 1356 2136 misericordes

155 2154 299 2232 quoniam
314 2156 369 2232 ipsi
384 2155 616 2216 misericordiam
630 2155 873 2234 consequentur.⁴
914 2156 1038 2233 Quinto,
1054 2155 1239 2234 indulgentia
1253 2166 1286 2216 ut
1300 2165 1355 2226 est,

156 2235 187 2297 Si
201 2235 281 2297 estd
323 2281 330 2296 .
425 2282 431 2294 .
475 2283 482 2296 .
525 2281 533 2296 .
575 2255 638 2297 rem
653 2237 771 2297 seritis!

216 2533 257 2618 T]
299 2535 638 2611 s01.16insup.marg.
1195 2610 1197 2615 .

216 2616 244 2678 .i.
261 2630 336 2695 quot
350 2615 490 2677 uindictae
505 2617 535 2675 in
557 2617 622 2693 lege
636 2627 737 2677 uetere
751 2617 859 2675 erant?
873 2634 911 2676 .ιι.
927 2612 959 2675 ἰιι
973 2615 1039 2694 lege
1053 2634 1091 2677 ,ιι
1108 2615 1249 2679 uindictae
1263 2626 1356 2679 erant

158 2699 274 2758 Prima:
295 2694 446 2774 lapidatio,
461 2707 495 2757 ut
513 2715 602 2774 super
615 2699 701 2757 Aean
715 2693 923 2775 unusquisque
936 2714 1044 2758 manus
1058 2695 1204 2758 mittebat.
1245 2697 1358 2760 Tribus

155 2777 269 2840 causis:
291 2779 397 2856 primo,
412 2788 445 2838 ut
460 2778 577 2856 signum
593 2775 708 2855 peccati
723 2775 787 2837 eius
801 2788 955 2853 maneret;
975 2779 1120 2854 secundo,
1135 2797 1175 2839 ne
1188 2778 1279 2841 amici
1292 2780 1357 2841 eius

157 2859 364 2933 uindicarent;
384 2859 480 2932 tertio,
501 2877 539 2918 ne
561 2876 650 2937 super
673 2877 774 2937 regent
800 2857 933 2920 uindicta
954 2858 1119 2938 punitionis
1144 2857 1208 2921 eius
1231 2862 1358 2922 ueniret.

158 2941 313 3002 Secunda:
335 2941 411 3019 ignis
431 2938 611 3012 combustio,
626 2950 660 3000 ut
680 2940 721 3000 fili
735 2942 819 3000 Aron
840 2948 872 3001 et
885 2939 983 3016 Core;
1003 2942 1062 3001 hoc
1076 2950 1121 3002 est
1141 2935 1205 3036 [ut]
1215 2943 1361 3003 memoria

159 3024 274 3101 peccati
288 3040 391 3083 eorum
407 3032 549 3082 maneret.
591 3020 714 3081 Tertia:
733 3019 834 3098 gladio
847 3021 921 3097 ceci,
936 3032 970 3083 ut
984 3020 1074 3083 Fines
1087 3033 1275 3085 meretncem
1289 3041 1359 3084 cum

161 3106 225 3165 uiro
240 3122 296 3164 suo
310 3122 370 3164 una
384 3100 492 3180 (secuit
507 3113 539 3162 ut
553 3103 614 3163 cito
635 3102 776 3179 mortem)
791 3100 920 3164 finirent.
963 3102 1095 3179 Quarta:
1115 3121 1187 3164 crux
1200 3118 1230 3165 et
1244 3105 1360 3166 seruilis

161 3203 239 3263 pena
264 3185 327 3245 luit.
381 3184 511 3261 Quinta:
540 3182 634 3245 sectio
660 3181 885 3260 (membrorum,
907 3194 941 3244 ut
966 3183 1180 3247 Adonibesech
1203 3204 1221 3245 a
1245 3187 1360 3264 populo

164 3267 256 3326 lsrael
271 3262 492 3326 summitatibus
505 3283 650 3325 manuum
671 3277 701 3325 et
721 3264 833 3342 pedum
854 3275 1007 3327 truncatus
1020 3265 1106 3345 (est).
1147 3265 1233 3342 Quot
1245 3267 1360 3336 suntin

163 3364 254 3419 nouo,
276 3357 309 3407 ut
332 3344 536 3423 Hieronymus
557 3343 638 3420 dicit,
659 3346 736 3406 Tres
756 3343 898 3407 uindictae
918 3357 988 3407 sunt
1011 3345 1043 3407 in
1067 3364 1150 3407 nouo
1170 3357 1359 3424 testamento.
1437 3381 1442 3390 ·

166 3425 283 3487 Prima:
312 3445 393 3501 crux,
415 3427 553 3504 exemplo
581 3424 696 3488 domini
725 3437 907 3487 consecrata
959 3427 1037 3490 Inde
1060 3426 1198 3489 Andreas
1217 3439 1362 3490 consonat

164 3526 232 3568 eam
253 3508 367 3580 dicens,
382 3508 472 3569 Salua
491 3525 571 3581 crux,
587 3507 670 3568 salua
690 3525 769 3582 crux,
785 3524 854 3585 quae
874 3506 1029 3586 de(eorem
1042 3518 1073 3569 et
1094 3507 1360 3589 pulchritudinem)

165 3589 204 3650 de
225 3588 368 3649 membris
388 3586 503 3649 domini
524 3585 656 3666 portasti
699 3633 706 3647 .
750 3633 756 3647 .
800 3633 807 3649 .
850 3633 858 3650 .
899 3587 1020 3665 Tertia;
1040 3589 1072 3649 in
1092 3607 1210 3650 carcere
1230 3589 1309 3651 trudi
1351 3637 1359 3652 .

166 3715 172 3729 .
217 3716 223 3731 .
269 3715 276 3729 .
318 3687 386 3747 quae
401 3668 556 3747 (dempsit)
570 3667 717 3731 aeclesiam
733 3669 812 3730 intus
826 3680 855 3730 et
870 3668 958 3730 finis.⁴

322 4590 454 4669 :Psvnd
518 4593 696 4655 ..futilia
817 4595 976 4657 ⁸⁰⁸l·¹l·².t·
1090 4595 1214 4647 ‘Mum
1294 4648 1297 4653 ⁶

343 4640 378 4685 Cl-
389 4642 532 4687 Mammea
545 4642 590 4687 ard.
601 4660 618 4698 ς.
821 4645 831 4674 ⁰
842 4647 897 4689 Ibrd.
908 4660 972 4689 xxvia.
983 4659 1002 4699 ς,
1011 4649 1030 4689 6.
