3052 5220
534 657 584 709 TE
598 656 720 710 DEUM
731 655 951 708 LAUDAMUS.
1327 658 1357 709 61

179 818 191 865 r
218 800 269 866 Te
284 811 413 886 patrem
430 800 610 866 adoramus
624 809 798 878 aeternum,
813 809 847 865 te
869 798 1111 882 sempiternum
1136 797 1239 864 lilium
1266 801 1359 865 inuo-

218 933 343 991 camus,
357 922 458 996 teque
476 913 630 996 spiritum
654 922 808 976 sanctum
825 912 858 975 in
880 930 947 975 una
969 911 1157 977 diuinitatis
1171 906 1361 978 substantia

221 1023 428 1111 manentem!
450 1023 659 1091 confitemur.
705 1024 781 1089 Tibi
806 1022 862 1088 uni
887 1024 952 1088 deo
971 1024 1004 1087 in
1026 1024 1176 1089 trinitate
1222 1020 1291 1112 [iol.
1313 1042 1359 1091 11.

219 1138 350 1204 debitas
379 1137 496 1202 laudes
525 1146 560 1203 et
590 1139 715 1222 gratias
741 1136 912 1203 referimus
939 1146 976 1234 ut
1006 1146 1040 1202 te
1067 1137 1253 1203 incessabili
1278 1159 1361 1204 uoce

178 1266 195 1333 5
221 1251 357 1317 laudare
373 1270 560 1316 mereamur
575 1270 635 1335 per
649 1260 765 1316 eterna
780 1249 905 1315 saecula

209 1483 272 1559 rh]
308 1485 558 1543 asubstautiaell
647 1485 875 1554 eredenmusl'
893 1485 1085 1542 reseremusA
1173 1487 1363 1614 {meriamur

154 1574 206 1630 per
217 1569 325 1615 aetema
333 1558 438 1615 saecula
449 1558 626 1615 saeculorum
639 1560 665 1614 Α
678 1570 784 1615 aeterna
796 1557 892 1614 secula
904 1559 1062 1614 seculorum
1074 1574 1159 1614 anien

687 2284 838 2372 [Notas]

221 2460 264 2548 Τ]
304 2464 354 2527 sol.
375 2465 432 2527 rob
446 2468 479 2526 in
491 2477 555 2546 sup.
571 2487 665 2546 marg.
1064 2512 1066 2516 ι

220 2546 299 2609 uade
312 2559 342 2610 et
356 2548 456 2611 uende
470 2548 780 2630 omniaquaecumque
792 2549 885 2612 habes
900 2562 930 2610 et
944 2551 984 2612 da
998 2551 1180 2630 pauperibus
1194 2564 1225 2615 et
1239 2551 1364 2616 habebis

160 2629 361 2709 (thesaurum)
376 2631 406 2691 in
420 2632 496 2694 coelo
509 2645 539 2694 et
554 2634 623 2695 ueni
634 2652 759 2712 sequere
774 2637 832 2694 me¹
875 2679 882 2693 .
926 2679 933 2694 .
977 2679 984 2694 .
1027 2645 1218 2696 conuertatur
1254 2683 1261 2698 .
1305 2683 1312 2697 .

161 2722 192 2772 et
212 2730 352 2789 possesus
372 2725 416 2775 est
437 2727 468 2775 et
492 2733 553 2777 non
576 2734 695 2794 possess
737 2761 744 2776 .
786 2759 793 2775 .
838 2761 844 2774 .
888 2715 1042 2777 Christum
1063 2719 1198 2793 sequitur
1219 2717 1271 2796 qui
1294 2738 1364 2781 eum

161 2795 300 2869 imitetur,
317 2794 363 2868 (ut
383 2794 446 2868 eit),
464 2797 579 2857 Discite
595 2816 614 2857 a
628 2816 677 2857 me
698 2797 769 2876 quia
791 2795 870 2856 mitis
890 2815 955 2857 sum
978 2810 1008 2858 et
1029 2797 1170 2860 uomitu·
1211 2800 1364 2863 Christum

162 2873 296 2951 sequitur
309 2876 360 2953 qui
375 2876 449 2936 nihil
463 2879 615 2955 proprium
638 2879 668 2937 in
689 2888 765 2939 terra
779 2878 921 2956 possidet,
939 2891 970 2938 ut
984 2880 1034 2953 ait,
1051 2879 1075 2938 F
1077 2878 1144 2941 ilius
1158 2880 1288 2942 hominis
1303 2900 1365 2943 non

163 2954 254 3017 habet
267 2955 319 3017 ubi
333 2970 423 3036 caput
437 2956 581 3020 reclinet.l
620 2959 773 3023 Christum
795 2958 928 3037 sequitur
948 2960 999 3038 qui
1021 2979 1057 3020 ex
1078 2961 1169 3023 corde
1186 2980 1240 3041 pro
1255 2983 1287 3024 se
1301 2978 1365 3026 orat

163 3048 197 3098 ut
209 3037 260 3112 ait,
276 3038 364 3099 Peter
377 3038 499 3116 ignosce
512 3039 578 3110 illis,
593 3042 731 3102 nesciunt
745 3040 825 3100 enim
840 3041 912 3118 quid
928 3041 1062 3101 iaciunt⁴
1104 3041 1255 3104 Christum
1271 3048 1367 3123 sequi-

163 3133 211 3179 tur
224 3118 276 3196 qui
291 3138 352 3181 non
367 3138 452 3180 suam
466 3119 643 3198 (propriam)
658 3121 844 3182 uoluntatem
859 3123 1000 3198 sequitur,
1014 3135 1046 3182 ut
1060 3124 1109 3198 ait,
1126 3125 1196 3202 lpse
1206 3144 1267 3188 non
1282 3129 1366 3205 quod

163 3218 220 3279 ego
240 3200 313 3261 uolo
332 3201 387 3261 sed
407 3202 491 3280 quod
512 3213 545 3262 tu
565 3203 634 3262 uis.⁸
673 3201 827 3265 Christum
852 3201 986 3280 sequitur
1010 3206 1062 3280 qui
1086 3204 1217 3268 abstinet
1237 3226 1269 3270 se
1290 3212 1366 3269 escis

163 3280 332 3343 carnalibus
345 3293 378 3341 ut
392 3282 457 3359 ipse
472 3282 518 3343 ml.
542 3281 649 3343 diebus
672 3283 816 3345 ieiunauit
837 3327 844 3342 .
869 3283 961 3345 Unde
982 3283 1007 3343 si
1028 3302 1098 3345 eum
1120 3286 1206 3364 sequi
1226 3290 1367 3350 uolumus

162 3362 300 3440 exempla
312 3362 376 3423 eius
390 3381 569 3440 sequamur5
589 3364 641 3442 qui
656 3365 737 3424 enim
749 3364 902 3427 Christum
918 3363 966 3423 hic
980 3365 1116 3442 sequitur
1129 3367 1159 3427 in
1171 3366 1259 3428 bonis
1272 3370 1368 3444 operi-

163 3442 229 3516 bus,
244 3442 377 3521 sequitur
396 3462 466 3504 eum
488 3442 517 3503 in
540 3462 632 3522 regno
653 3445 761 3519 futuro,
784 3455 816 3505 ut
838 3456 883 3504 est
905 3442 989 3518 illud,
1006 3444 1049 3505 Hi
1071 3459 1237 3524 sequuntur
1256 3467 1365 3526 agnum

163 3523 347 3602 quocunque
363 3523 449 3585 ierit·
1271 3566 1275 3573 ·

223 3719 266 3807 Τ]
305 3724 356 3786 rol.
376 3743 407 3783 ιι
425 3727 640 3801 insunmarg.

224 3850 232 3865 .
275 3850 281 3864 .
325 3849 333 3865 .
374 3804 573 3867 admoneatur
593 3804 712 3866 animus
726 3804 766 3866 ad
780 3816 916 3866 naturam
932 3806 1173 3869 excellentiorem
1188 3826 1221 3869 se
1234 3806 1367 3885 (conser-

163 3900 234 3959 tere‚
249 3886 280 3947 id
295 3884 353 3959 est)
367 3886 408 3947 ad
421 3887 522 3959 deum,
537 3905 608 3948 cum
623 3887 720 3965 ipsum
735 3905 844 3965 corpus
858 3887 922 3948 eius
936 3888 1020 3965 quod
1034 3900 1192 3961 terrenum,
1206 3890 1245 3951 ad
1259 3908 1368 3983 corpus

163 3966 366 4040 excellentius,
381 3965 412 4028 id
427 3982 472 4028 est
487 3967 553 4045 (ad)
566 3986 675 4046 corpus
696 3969 806 4029 celeste
827 3968 1031 4030 conuertitur.¹
1053 3969 1114 4046 Qui
1136 3972 1241 4048 quaerit
1254 3990 1369 4050 sapten-

165 4048 236 4110 tiam
263 4066 313 4109 me
346 4048 460 4126 quaerit
492 4050 669 4110 Benedictio
697 4051 762 4110 sine
798 4051 897 4110 radice
932 4068 995 4110 non
1029 4050 1144 4111 crescit.
1174 4052 1369 4116 Orationibus

166 4130 354 4202 mundamur,
369 4128 549 4191 lectionibus
564 4132 744 4205 instruimur,
760 4143 922 4209 utrumque
936 4132 1049 4192 bonum
1065 4144 1118 4201 est.
1134 4134 1158 4193 si
1173 4133 1251 4203 licet,
1267 4137 1369 4197 sinon

165 4211 243 4286 licet,
258 4211 365 4272 rnelius
379 4223 424 4273 est
438 4228 522 4272 orare
535 4230 626 4289 quam
642 4213 747 4290 legere.
764 4213 826 4289 Qui
841 4213 905 4272 uult
920 4212 1001 4290 (curn
1022 4212 1094 4292 deo)
1113 4232 1179 4276 esse
1201 4214 1371 4294 frequenter

166 4291 271 4372 (debet
285 4290 383 4369 orare)
397 4304 427 4353 et
441 4291 539 4370 legere
573 4336 783 4354 .....
827 4293 881 4353 tibi
897 4293 1006 4370 legenti
1022 4295 1154 4373 loquitur
1167 4297 1265 4358 deus·

225 4375 324 4436 anima
340 4375 428 4434 unius
442 4374 589 4453 cuiusque
603 4385 693 4435 restat
708 4387 777 4452 post
797 4387 926 4436 mortem
949 4377 1049 4435 locum
1092 4423 1099 4438 .
1142 4422 1150 4438 .
1193 4423 1200 4438 .
1242 4390 1306 4440 erat
1327 4379 1371 4440 sic

164 4457 333 4537 sepulturae
347 4466 377 4516 et
418 4502 425 4516 .
468 4500 475 4516 .
519 4501 527 4515 .
570 4457 735 4517 ueneratio
749 4455 896 4516 mundum
913 4469 942 4517 ct
958 4457 1058 4517 locum
1074 4456 1223 4519 babtismi.

164 4683 336 4765 grauun.
414 4682 586 4746 jungent
668 4679 851 4744 jucundo.
954 4665 1128 4762 guntuig.
1216 4682 1371 4745 quorun.

187 4738 254 4785 Anne.
264 4750 307 4778 ιιν.
318 4752 337 4786 ⁴·
416 4753 421 4765 ·
437 4737 493 4785 hun.
504 4736 577 4778 hum.
588 4735 651 4776 ihm.
663 4746 687 4776 ru
695 4739 768 4776 mle
779 4733 810 4775 ll.
822 4748 839 4784 ς.
909 4734 918 4759 “
934 4733 984 4774 ind.
995 4735 1056 4776 Sene.
1069 4733 1099 4776 ui
1112 4764 1119 4777 .
1130 4733 1283 4782 (llilternemts
1291 4749 1333 4777 mv.
1346 4740 1371 4783 tl
