<?xml version="1.0" encoding="UTF-8"?>
<!DOCTYPE html PUBLIC "-//W3C//DTD XHTML 1.0 Transitional//EN"
    "http://www.w3.org/TR/xhtml1/DTD/xhtml1-transitional.dtd">
<html xmlns="http://www.w3.org/1999/xhtml" xml:lang="en" lang="en">
 <head>
  <title>
</title>
<meta http-equiv="Content-Type" content="text/html;charset=utf-8" />
  <meta name='ocr-system' content='tesseract 3.04.00' />
  <meta name='ocr-capabilities' content='ocr_page ocr_carea ocr_par ocr_line ocrx_word'/>
</head>
<body>
  <div class='ocr_page' id='page_1' title='image "./irishliberhymno01churgoog_0192.png"; bbox 0 0 3052 5220; ppageno 0'>
   <div class='ocr_carea' id='block_1_1' title="bbox 369 589 1357 672">
    <p class='ocr_par' dir='ltr' id='par_1_1' title="bbox 369 589 1357 672">
     <span class='ocr_line' id='line_1_1' title="bbox 369 589 1357 672; baseline -0.002 -11"><span class='ocrx_word' id='word_1_1' title='bbox 369 610 441 662; x_wconf 72' lang='lat' dir='ltr'>ona</span> <span class='ocrx_word' id='word_1_2' title='bbox 447 589 584 660; x_wconf 76' lang='lat' dir='ltr'>miras</span> <span class='ocrx_word' id='word_1_3' title='bbox 598 592 830 660; x_wconf 68' lang='lat' dir='ltr'>arcannm</span> <span class='ocrx_word' id='word_1_4' title='bbox 845 608 901 660; x_wconf 76' lang='lat' dir='ltr'>os</span> <span class='ocrx_word' id='word_1_5' title='bbox 916 607 1133 660; x_wconf 74' lang='lat' dir='ltr'>nsarranro.</span> <span class='ocrx_word' id='word_1_6' title='bbox 1311 616 1357 672; x_wconf 79' lang='lat' dir='ltr'>us</span> 
     </span>
    </p>
   </div>
   <div class='ocr_carea' id='block_1_2' title="bbox 155 772 1263 946">
    <p class='ocr_par' dir='ltr' id='par_1_2' title="bbox 155 772 1263 946">
     <span class='ocr_line' id='line_1_2' title="bbox 155 772 1263 864; baseline -0.005 -21"><span class='ocrx_word' id='word_1_7' title='bbox 155 777 201 864; x_wconf 87' lang='grc' dir='ltr'>Τ]</span> <span class='ocrx_word' id='word_1_8' title='bbox 244 796 286 841; x_wconf 90' lang='lat' dir='ltr'>ne</span> <span class='ocrx_word' id='word_1_9' title='bbox 301 776 437 860; x_wconf 90' lang='lat' dir='ltr'>quando</span> <span class='ocrx_word' id='word_1_10' title='bbox 451 773 541 840; x_wconf 91' lang='lat' dir='ltr'>dicat</span> <span class='ocrx_word' id='word_1_11' title='bbox 557 774 709 840; x_wconf 91' lang='lat' dir='ltr'>inimicus</span> <span class='ocrx_word' id='word_1_12' title='bbox 726 794 819 839; x_wconf 90' lang='lat' dir='ltr'>meus</span> <span class='ocrx_word' id='word_1_13' title='bbox 836 774 983 859; x_wconf 84' lang='lat' dir='ltr'>preualui</span> <span class='ocrx_word' id='word_1_14' title='bbox 998 773 1157 839; x_wconf 88' lang='lat' dir='ltr'>aduersus</span> <span class='ocrx_word' id='word_1_15' title='bbox 1172 772 1263 837; x_wconf 82' lang='lat' dir='ltr'>eum¹</span> 
     </span>
     <span class='ocr_line' id='line_1_3' title="bbox 242 861 1061 946; baseline -0.006 -16"><span class='ocrx_word' id='word_1_16' title='bbox 242 862 412 930; x_wconf 87' lang='lat' dir='ltr'>Conserua</span> <span class='ocrx_word' id='word_1_17' title='bbox 427 881 482 927; x_wconf 92' lang='lat' dir='ltr'>me</span> <span class='ocrx_word' id='word_1_18' title='bbox 496 862 631 928; x_wconf 91' lang='lat' dir='ltr'>domine</span> <span class='ocrx_word' id='word_1_19' title='bbox 645 861 803 945; x_wconf 90' lang='lat' dir='ltr'>quoniam</span> <span class='ocrx_word' id='word_1_20' title='bbox 819 862 853 926; x_wconf 93' lang='lat' dir='ltr'>in</span> <span class='ocrx_word' id='word_1_21' title='bbox 868 872 903 926; x_wconf 94' lang='lat' dir='ltr'>te</span> <span class='ocrx_word' id='word_1_22' title='bbox 917 861 1061 946; x_wconf 80' lang='lat' dir='ltr'>speraui⁸</span> 
     </span>
    </p>
   </div>
   <div class='ocr_carea' id='block_1_3' title="bbox 244 945 1354 1034">
    <p class='ocr_par' dir='ltr' id='par_1_3' title="bbox 244 945 1354 1034">
     <span class='ocr_line' id='line_1_4' title="bbox 244 945 1354 1034; baseline -0.005 -17"><span class='ocrx_word' id='word_1_23' title='bbox 244 947 380 1017; x_wconf 87' lang='lat' dir='ltr'>Exaudi</span> <span class='ocrx_word' id='word_1_24' title='bbox 417 946 551 1015; x_wconf 91' lang='lat' dir='ltr'>domine</span> <span class='ocrx_word' id='word_1_25' title='bbox 588 948 749 1014; x_wconf 92' lang='lat' dir='ltr'>iustitiam</span> <span class='ocrx_word' id='word_1_26' title='bbox 784 968 893 1014; x_wconf 87' lang='lat' dir='ltr'>meam</span> <span class='ocrx_word' id='word_1_27' title='bbox 923 949 1058 1014; x_wconf 86' lang='lat' dir='ltr'>intende</span> <span class='ocrx_word' id='word_1_28' title='bbox 1088 945 1354 1034; x_wconf 84' lang='lat' dir='ltr'>deprecationem</span> 
     </span>
    </p>
   </div>
   <div class='ocr_carea' id='block_1_4' title="bbox 172 1056 1359 4260">
    <p class='ocr_par' dir='ltr' id='par_1_4' title="bbox 172 1056 1359 4260">
     <span class='ocr_line' id='line_1_5' title="bbox 290 1056 399 1102; baseline -0.009 0"><span class='ocrx_word' id='word_1_29' title='bbox 290 1056 399 1102; x_wconf 90' lang='lat' dir='ltr'>meam</span> 
     </span>
     <span class='ocr_line' id='line_1_6' title="bbox 243 1123 863 1210; baseline -0.003 -21"><span class='ocrx_word' id='word_1_30' title='bbox 243 1125 377 1191; x_wconf 84' lang='lat' dir='ltr'>auribus</span> <span class='ocrx_word' id='word_1_31' title='bbox 392 1123 524 1210; x_wconf 84' lang='lat' dir='ltr'>percipe</span> <span class='ocrx_word' id='word_1_32' title='bbox 539 1123 723 1190; x_wconf 91' lang='lat' dir='ltr'>orationem</span> <span class='ocrx_word' id='word_1_33' title='bbox 740 1124 863 1188; x_wconf 89' lang='lat' dir='ltr'>meam⁸</span> 
     </span>
     <span class='ocr_line' id='line_1_7' title="bbox 246 1210 925 1298; baseline -0.001 -22"><span class='ocrx_word' id='word_1_34' title='bbox 246 1210 381 1298; x_wconf 89' lang='lat' dir='ltr'>Percipe</span> <span class='ocrx_word' id='word_1_35' title='bbox 396 1230 528 1294; x_wconf 82' lang='lat' dir='ltr'>gressus</span> <span class='ocrx_word' id='word_1_36' title='bbox 543 1230 636 1277; x_wconf 91' lang='lat' dir='ltr'>meos</span> <span class='ocrx_word' id='word_1_37' title='bbox 652 1211 685 1275; x_wconf 94' lang='lat' dir='ltr'>in</span> <span class='ocrx_word' id='word_1_38' title='bbox 700 1210 843 1276; x_wconf 91' lang='lat' dir='ltr'>semittis</span> <span class='ocrx_word' id='word_1_39' title='bbox 859 1210 925 1276; x_wconf 90' lang='lat' dir='ltr'>tuis</span> 
     </span>
     <span class='ocr_line' id='line_1_8' title="bbox 179 1298 834 1382; baseline -0.006 -17"><span class='ocrx_word' id='word_1_40' title='bbox 179 1313 217 1382; x_wconf 83' lang='lat'>35</span> <span class='ocrx_word' id='word_1_41' title='bbox 244 1310 280 1365; x_wconf 90' lang='lat' dir='ltr'>ut</span> <span class='ocrx_word' id='word_1_42' title='bbox 295 1320 361 1366; x_wconf 91' lang='lat' dir='ltr'>non</span> <span class='ocrx_word' id='word_1_43' title='bbox 379 1306 576 1364; x_wconf 90' lang='lat' dir='ltr'>moueantur</span> <span class='ocrx_word' id='word_1_44' title='bbox 589 1298 732 1382; x_wconf 79' lang='lat' dir='ltr'>uestigia</span> <span class='ocrx_word' id='word_1_45' title='bbox 748 1301 834 1362; x_wconf 88' lang='lat' dir='ltr'>mea⁴</span> 
     </span>
     <span class='ocr_line' id='line_1_9' title="bbox 244 1384 1002 1472; baseline -0.003 -21"><span class='ocrx_word' id='word_1_46' title='bbox 244 1386 319 1472; x_wconf 79' lang='lat' dir='ltr'>Ego</span> <span class='ocrx_word' id='word_1_47' title='bbox 333 1386 476 1452; x_wconf 92' lang='lat' dir='ltr'>clamaui</span> <span class='ocrx_word' id='word_1_48' title='bbox 490 1386 649 1470; x_wconf 88' lang='lat' dir='ltr'>quoniam</span> <span class='ocrx_word' id='word_1_49' title='bbox 665 1386 833 1451; x_wconf 86' lang='lat' dir='ltr'>exaudisti</span> <span class='ocrx_word' id='word_1_50' title='bbox 850 1404 904 1450; x_wconf 90' lang='lat' dir='ltr'>me</span> <span class='ocrx_word' id='word_1_51' title='bbox 919 1384 1002 1450; x_wconf 92' lang='lat' dir='ltr'>deus</span> 
     </span>
     <span class='ocr_line' id='line_1_10' title="bbox 246 1472 1114 1539; baseline -0.002 -1"><span class='ocrx_word' id='word_1_52' title='bbox 246 1473 373 1539; x_wconf 91' lang='lat' dir='ltr'>Inclina</span> <span class='ocrx_word' id='word_1_53' title='bbox 387 1492 500 1538; x_wconf 89' lang='lat' dir='ltr'>aurem</span> <span class='ocrx_word' id='word_1_54' title='bbox 515 1482 609 1538; x_wconf 90' lang='lat' dir='ltr'>tuam</span> <span class='ocrx_word' id='word_1_55' title='bbox 626 1472 707 1538; x_wconf 91' lang='lat' dir='ltr'>mihi</span> <span class='ocrx_word' id='word_1_56' title='bbox 721 1480 756 1537; x_wconf 90' lang='lat' dir='ltr'>et</span> <span class='ocrx_word' id='word_1_57' title='bbox 770 1473 894 1538; x_wconf 86' lang='lat' dir='ltr'>exaudi</span> <span class='ocrx_word' id='word_1_58' title='bbox 909 1472 1011 1538; x_wconf 85' lang='lat' dir='ltr'>uerba</span> <span class='ocrx_word' id='word_1_59' title='bbox 1026 1472 1114 1536; x_wconf 81' lang='lat' dir='ltr'>mea⁸</span> 
     </span>
     <span class='ocr_line' id='line_1_11' title="bbox 245 1559 729 1627; baseline 0 -1"><span class='ocrx_word' id='word_1_60' title='bbox 245 1560 384 1627; x_wconf 81' lang='lat' dir='ltr'>Mirifice</span> <span class='ocrx_word' id='word_1_61' title='bbox 401 1559 639 1626; x_wconf 85' lang='lat' dir='ltr'>misericordias</span> <span class='ocrx_word' id='word_1_62' title='bbox 653 1570 729 1626; x_wconf 89' lang='lat' dir='ltr'>tuas</span> 
     </span>
     <span class='ocr_line' id='line_1_12' title="bbox 243 1647 821 1733; baseline -0.002 -20"><span class='ocrx_word' id='word_1_63' title='bbox 243 1649 300 1732; x_wconf 89' lang='lat' dir='ltr'>qui</span> <span class='ocrx_word' id='word_1_64' title='bbox 315 1648 426 1713; x_wconf 73' lang='lat' dir='ltr'>saluos</span> <span class='ocrx_word' id='word_1_65' title='bbox 441 1647 522 1713; x_wconf 88' lang='lat' dir='ltr'>iacis</span> <span class='ocrx_word' id='word_1_66' title='bbox 537 1658 709 1733; x_wconf 89' lang='lat' dir='ltr'>sperantes</span> <span class='ocrx_word' id='word_1_67' title='bbox 724 1648 758 1712; x_wconf 92' lang='lat' dir='ltr'>in</span> <span class='ocrx_word' id='word_1_68' title='bbox 773 1648 821 1713; x_wconf 76' lang='lat' dir='ltr'>te⁸</span> 
     </span>
     <span class='ocr_line' id='line_1_13' title="bbox 177 1735 986 1816; baseline -0.004 -14"><span class='ocrx_word' id='word_1_69' title='bbox 177 1752 223 1816; x_wconf 86' lang='lat'>40</span> <span class='ocrx_word' id='word_1_70' title='bbox 243 1736 278 1802; x_wconf 88' lang='lat' dir='ltr'>A</span> <span class='ocrx_word' id='word_1_71' title='bbox 293 1735 522 1801; x_wconf 90' lang='lat' dir='ltr'>resistentibus</span> <span class='ocrx_word' id='word_1_72' title='bbox 538 1736 687 1801; x_wconf 77' lang='lat' dir='ltr'>dexterae</span> <span class='ocrx_word' id='word_1_73' title='bbox 703 1744 770 1801; x_wconf 84' lang='lat' dir='ltr'>tuae</span> <span class='ocrx_word' id='word_1_74' title='bbox 786 1735 916 1800; x_wconf 89' lang='lat' dir='ltr'>custodi</span> <span class='ocrx_word' id='word_1_75' title='bbox 933 1755 986 1800; x_wconf 89' lang='lat' dir='ltr'>me</span> 
     </span>
     <span class='ocr_line' id='line_1_14' title="bbox 244 1823 706 1907; baseline 0 -19"><span class='ocrx_word' id='word_1_76' title='bbox 244 1823 378 1890; x_wconf 92' lang='lat' dir='ltr'>domine</span> <span class='ocrx_word' id='word_1_77' title='bbox 393 1832 430 1888; x_wconf 89' lang='lat' dir='ltr'>ut</span> <span class='ocrx_word' id='word_1_78' title='bbox 445 1823 604 1907; x_wconf 90' lang='lat' dir='ltr'>pupillam</span> <span class='ocrx_word' id='word_1_79' title='bbox 621 1823 706 1888; x_wconf 89' lang='lat' dir='ltr'>oculi</span> 
     </span>
     <span class='ocr_line' id='line_1_15' title="bbox 246 1909 966 1994; baseline -0.004 -17"><span class='ocrx_word' id='word_1_80' title='bbox 246 1909 317 1977; x_wconf 88' lang='lat' dir='ltr'>Sub</span> <span class='ocrx_word' id='word_1_81' title='bbox 332 1910 450 1976; x_wconf 92' lang='lat' dir='ltr'>umbra</span> <span class='ocrx_word' id='word_1_82' title='bbox 464 1910 590 1975; x_wconf 91' lang='lat' dir='ltr'>alarum</span> <span class='ocrx_word' id='word_1_83' title='bbox 599 1920 730 1975; x_wconf 91' lang='lat' dir='ltr'>tuarum</span> <span class='ocrx_word' id='word_1_84' title='bbox 748 1920 884 1994; x_wconf 85' lang='lat' dir='ltr'>protege</span> <span class='ocrx_word' id='word_1_85' title='bbox 901 1911 966 1975; x_wconf 84' lang='lat' dir='ltr'>me&#39;</span> 
     </span>
     <span class='ocr_line' id='line_1_16' title="bbox 245 1996 918 2080; baseline 0.003 -19"><span class='ocrx_word' id='word_1_86' title='bbox 245 2018 265 2061; x_wconf 91' lang='lat' dir='ltr'>a</span> <span class='ocrx_word' id='word_1_87' title='bbox 281 1996 364 2061; x_wconf 81' lang='lat' dir='ltr'>facie</span> <span class='ocrx_word' id='word_1_88' title='bbox 379 1996 557 2080; x_wconf 91' lang='lat' dir='ltr'>impiorum</span> <span class='ocrx_word' id='word_1_89' title='bbox 573 1998 629 2080; x_wconf 94' lang='lat' dir='ltr'>qui</span> <span class='ocrx_word' id='word_1_90' title='bbox 646 2017 700 2062; x_wconf 90' lang='lat' dir='ltr'>me</span> <span class='ocrx_word' id='word_1_91' title='bbox 715 1996 918 2063; x_wconf 84' lang='lat' dir='ltr'>afflixerunt⁸</span> 
     </span>
     <span class='ocr_line' id='line_1_17' title="bbox 246 2084 1053 2152; baseline 0.001 -3"><span class='ocrx_word' id='word_1_92' title='bbox 246 2085 391 2149; x_wconf 86' lang='lat' dir='ltr'>Domine</span> <span class='ocrx_word' id='word_1_93' title='bbox 407 2085 489 2148; x_wconf 91' lang='lat' dir='ltr'>deus</span> <span class='ocrx_word' id='word_1_94' title='bbox 507 2103 599 2150; x_wconf 90' lang='lat' dir='ltr'>meus</span> <span class='ocrx_word' id='word_1_95' title='bbox 615 2084 764 2150; x_wconf 91' lang='lat' dir='ltr'>illumina</span> <span class='ocrx_word' id='word_1_96' title='bbox 779 2086 931 2152; x_wconf 89' lang='lat' dir='ltr'>tenebras</span> <span class='ocrx_word' id='word_1_97' title='bbox 949 2086 1053 2150; x_wconf 80' lang='lat' dir='ltr'>meas&#39;</span> 
     </span>
     <span class='ocr_line' id='line_1_18' title="bbox 180 2172 934 2258; baseline 0 -21"><span class='ocrx_word' id='word_1_98' title='bbox 180 2185 220 2253; x_wconf 82' lang='lat'>45</span> <span class='ocrx_word' id='word_1_99' title='bbox 248 2173 348 2257; x_wconf 86' lang='lat' dir='ltr'>Eripe</span> <span class='ocrx_word' id='word_1_100' title='bbox 364 2191 417 2237; x_wconf 91' lang='lat' dir='ltr'>mc</span> <span class='ocrx_word' id='word_1_101' title='bbox 433 2172 475 2237; x_wconf 90' lang='lat' dir='ltr'>de</span> <span class='ocrx_word' id='word_1_102' title='bbox 490 2173 804 2239; x_wconf 91' lang='lat' dir='ltr'>contradictionibus</span> <span class='ocrx_word' id='word_1_103' title='bbox 820 2173 934 2258; x_wconf 93' lang='lat' dir='ltr'>populi</span> 
     </span>
     <span class='ocr_line' id='line_1_19' title="bbox 245 2260 854 2345; baseline 0.003 -22"><span class='ocrx_word' id='word_1_104' title='bbox 245 2260 427 2324; x_wconf 90' lang='lat' dir='ltr'>constitues</span> <span class='ocrx_word' id='word_1_105' title='bbox 444 2260 546 2325; x_wconf 91' lang='lat' dir='ltr'>mein</span> <span class='ocrx_word' id='word_1_106' title='bbox 563 2271 663 2345; x_wconf 91' lang='lat' dir='ltr'>caput</span> <span class='ocrx_word' id='word_1_107' title='bbox 678 2261 854 2345; x_wconf 84' lang='lat' dir='ltr'>gentium¹⁰</span> 
     </span>
     <span class='ocr_line' id='line_1_20' title="bbox 249 2347 940 2414; baseline 0.001 -2"><span class='ocrx_word' id='word_1_108' title='bbox 249 2348 305 2412; x_wconf 89' lang='lat' dir='ltr'>Ab</span> <span class='ocrx_word' id='word_1_109' title='bbox 319 2347 457 2413; x_wconf 89' lang='lat' dir='ltr'>occultis</span> <span class='ocrx_word' id='word_1_110' title='bbox 474 2348 557 2412; x_wconf 92' lang='lat' dir='ltr'>meis</span> <span class='ocrx_word' id='word_1_111' title='bbox 574 2349 698 2413; x_wconf 91' lang='lat' dir='ltr'>munda</span> <span class='ocrx_word' id='word_1_112' title='bbox 714 2369 768 2414; x_wconf 88' lang='lat' dir='ltr'>me</span> <span class='ocrx_word' id='word_1_113' title='bbox 782 2348 940 2414; x_wconf 82' lang='lat' dir='ltr'>domine¹¹</span> 
     </span>
     <span class='ocr_line' id='line_1_21' title="bbox 247 2435 789 2519; baseline 0.004 -21"><span class='ocrx_word' id='word_1_114' title='bbox 247 2444 281 2498; x_wconf 93' lang='lat' dir='ltr'>et</span> <span class='ocrx_word' id='word_1_115' title='bbox 296 2436 340 2499; x_wconf 93' lang='lat' dir='ltr'>ab</span> <span class='ocrx_word' id='word_1_116' title='bbox 354 2435 468 2500; x_wconf 88' lang='lat' dir='ltr'>alienis</span> <span class='ocrx_word' id='word_1_117' title='bbox 484 2456 581 2519; x_wconf 87' lang='lat' dir='ltr'>parce</span> <span class='ocrx_word' id='word_1_118' title='bbox 595 2456 691 2500; x_wconf 92' lang='lat' dir='ltr'>seruo</span> <span class='ocrx_word' id='word_1_119' title='bbox 705 2439 789 2500; x_wconf 85' lang='lat' dir='ltr'>tuo¹¹</span> 
     </span>
     <span class='ocr_line' id='line_1_22' title="bbox 249 2522 735 2607; baseline 0.004 -21"><span class='ocrx_word' id='word_1_120' title='bbox 249 2522 395 2587; x_wconf 86' lang='lat' dir='ltr'>Domine</span> <span class='ocrx_word' id='word_1_121' title='bbox 410 2523 540 2587; x_wconf 89' lang='lat' dir='ltr'>saluum</span> <span class='ocrx_word' id='word_1_122' title='bbox 557 2523 607 2588; x_wconf 85' lang='lat' dir='ltr'>sac</span> <span class='ocrx_word' id='word_1_123' title='bbox 624 2543 735 2607; x_wconf 84' lang='lat' dir='ltr'>regem</span> 
     </span>
     <span class='ocr_line' id='line_1_23' title="bbox 184 2611 1052 2696; baseline 0.005 -23"><span class='ocrx_word' id='word_1_124' title='bbox 184 2620 226 2689; x_wconf 82' lang='lat'>50</span> <span class='ocrx_word' id='word_1_125' title='bbox 247 2619 281 2674; x_wconf 90' lang='lat' dir='ltr'>et</span> <span class='ocrx_word' id='word_1_126' title='bbox 296 2611 419 2675; x_wconf 85' lang='lat' dir='ltr'>exaudi</span> <span class='ocrx_word' id='word_1_127' title='bbox 437 2631 496 2675; x_wconf 92' lang='lat' dir='ltr'>nos</span> <span class='ocrx_word' id='word_1_128' title='bbox 513 2611 546 2674; x_wconf 92' lang='lat' dir='ltr'>in</span> <span class='ocrx_word' id='word_1_129' title='bbox 562 2611 616 2675; x_wconf 90' lang='lat' dir='ltr'>die</span> <span class='ocrx_word' id='word_1_130' title='bbox 631 2633 697 2696; x_wconf 90' lang='lat' dir='ltr'>qua</span> <span class='ocrx_word' id='word_1_131' title='bbox 713 2611 976 2677; x_wconf 87' lang='lat' dir='ltr'>inuocauerimus</span> <span class='ocrx_word' id='word_1_132' title='bbox 992 2614 1052 2677; x_wconf 82' lang='lat' dir='ltr'>te¹³</span> 
     </span>
     <span class='ocr_line' id='line_1_24' title="bbox 248 2695 1359 2786; baseline 0.002 -25"><span class='ocrx_word' id='word_1_133' title='bbox 248 2695 357 2781; x_wconf 81' lang='lat' dir='ltr'>lDeus</span> <span class='ocrx_word' id='word_1_134' title='bbox 373 2699 455 2762; x_wconf 88' lang='lat' dir='ltr'>deus</span> <span class='ocrx_word' id='word_1_135' title='bbox 472 2719 566 2763; x_wconf 92' lang='lat' dir='ltr'>meus</span> <span class='ocrx_word' id='word_1_136' title='bbox 582 2701 707 2784; x_wconf 87' lang='lat' dir='ltr'>respice</span> <span class='ocrx_word' id='word_1_137' title='bbox 723 2699 756 2764; x_wconf 91' lang='lat' dir='ltr'>in</span> <span class='ocrx_word' id='word_1_138' title='bbox 774 2719 826 2763; x_wconf 92' lang='lat' dir='ltr'>me</span> <span class='ocrx_word' id='word_1_139' title='bbox 1233 2700 1267 2786; x_wconf 85' lang='lat' dir='ltr'>[s.</span> <span class='ocrx_word' id='word_1_140' title='bbox 1285 2700 1359 2783; x_wconf 87' lang='lat' dir='ltr'>23b.</span> 
     </span>
     <span class='ocr_line' id='line_1_25' title="bbox 249 2786 1026 2871; baseline 0.003 -22"><span class='ocrx_word' id='word_1_141' title='bbox 249 2803 350 2868; x_wconf 87' lang='lat' dir='ltr'>quare</span> <span class='ocrx_word' id='word_1_142' title='bbox 365 2805 419 2850; x_wconf 94' lang='lat' dir='ltr'>me</span> <span class='ocrx_word' id='word_1_143' title='bbox 435 2786 636 2870; x_wconf 76' lang='lat' dir='ltr'>dereIIquisti</span> <span class='ocrx_word' id='word_1_144' title='bbox 653 2786 752 2871; x_wconf 86' lang='lat' dir='ltr'>longe</span> <span class='ocrx_word' id='word_1_145' title='bbox 766 2808 787 2851; x_wconf 93' lang='lat' dir='ltr'>a</span> <span class='ocrx_word' id='word_1_146' title='bbox 802 2787 909 2851; x_wconf 88' lang='lat' dir='ltr'>salute</span> <span class='ocrx_word' id='word_1_147' title='bbox 926 2788 1026 2851; x_wconf 85' lang='lat' dir='ltr'>mea¹⁴</span> 
     </span>
     <span class='ocr_line' id='line_1_26' title="bbox 251 2871 1002 2939; baseline 0.005 -4"><span class='ocrx_word' id='word_1_148' title='bbox 251 2871 304 2935; x_wconf 93' lang='lat' dir='ltr'>De</span> <span class='ocrx_word' id='word_1_149' title='bbox 319 2882 435 2938; x_wconf 90' lang='lat' dir='ltr'>uentre</span> <span class='ocrx_word' id='word_1_150' title='bbox 451 2875 565 2938; x_wconf 89' lang='lat' dir='ltr'>matris</span> <span class='ocrx_word' id='word_1_151' title='bbox 581 2894 664 2939; x_wconf 85' lang='lat' dir='ltr'>meae</span> <span class='ocrx_word' id='word_1_152' title='bbox 680 2875 762 2939; x_wconf 91' lang='lat' dir='ltr'>deus</span> <span class='ocrx_word' id='word_1_153' title='bbox 779 2894 923 2939; x_wconf 90' lang='lat' dir='ltr'>meuses</span> <span class='ocrx_word' id='word_1_154' title='bbox 939 2877 1002 2939; x_wconf 76' lang='lat' dir='ltr'>tu¹⁸</span> 
     </span>
     <span class='ocr_line' id='line_1_27' title="bbox 250 2960 602 3025; baseline 0.006 -2"><span class='ocrx_word' id='word_1_155' title='bbox 250 2979 291 3023; x_wconf 92' lang='lat' dir='ltr'>ne</span> <span class='ocrx_word' id='word_1_156' title='bbox 307 2960 496 3025; x_wconf 88' lang='lat' dir='ltr'>discesseris</span> <span class='ocrx_word' id='word_1_157' title='bbox 512 2981 533 3024; x_wconf 91' lang='lat' dir='ltr'>a</span> <span class='ocrx_word' id='word_1_158' title='bbox 548 2982 602 3025; x_wconf 91' lang='lat' dir='ltr'>me</span> 
     </span>
     <span class='ocr_line' id='line_1_28' title="bbox 186 3046 840 3132; baseline 0.006 -23"><span class='ocrx_word' id='word_1_159' title='bbox 186 3058 224 3126; x_wconf 83' lang='grc'>55</span> <span class='ocrx_word' id='word_1_160' title='bbox 250 3046 417 3130; x_wconf 86' lang='lat' dir='ltr'>Quoniam</span> <span class='ocrx_word' id='word_1_161' title='bbox 433 3047 603 3114; x_wconf 91' lang='lat' dir='ltr'>tribulatio</span> <span class='ocrx_word' id='word_1_162' title='bbox 618 3049 773 3132; x_wconf 89' lang='lat' dir='ltr'>proxima</span> <span class='ocrx_word' id='word_1_163' title='bbox 787 3059 840 3113; x_wconf 90' lang='lat' dir='ltr'>est</span> 
     </span>
     <span class='ocr_line' id='line_1_29' title="bbox 248 3134 804 3218; baseline 0.004 -21"><span class='ocrx_word' id='word_1_164' title='bbox 248 3134 405 3216; x_wconf 89' lang='lat' dir='ltr'>quoniam</span> <span class='ocrx_word' id='word_1_165' title='bbox 422 3155 488 3200; x_wconf 92' lang='lat' dir='ltr'>non</span> <span class='ocrx_word' id='word_1_166' title='bbox 503 3145 555 3200; x_wconf 91' lang='lat' dir='ltr'>est</span> <span class='ocrx_word' id='word_1_167' title='bbox 570 3135 626 3218; x_wconf 92' lang='lat' dir='ltr'>qui</span> <span class='ocrx_word' id='word_1_168' title='bbox 642 3135 804 3199; x_wconf 80' lang='lat' dir='ltr'>adiuuet¹⁸</span> 
     </span>
     <span class='ocr_line' id='line_1_30' title="bbox 249 3220 1166 3309; baseline 0.003 -25"><span class='ocrx_word' id='word_1_169' title='bbox 249 3220 301 3284; x_wconf 86' lang='lat' dir='ltr'>Tu</span> <span class='ocrx_word' id='word_1_170' title='bbox 317 3230 429 3285; x_wconf 91' lang='lat' dir='ltr'>autem</span> <span class='ocrx_word' id='word_1_171' title='bbox 444 3222 579 3287; x_wconf 91' lang='lat' dir='ltr'>domine</span> <span class='ocrx_word' id='word_1_172' title='bbox 594 3241 636 3286; x_wconf 93' lang='lat' dir='ltr'>ne</span> <span class='ocrx_word' id='word_1_173' title='bbox 650 3221 878 3309; x_wconf 81' lang='lat' dir='ltr'>elonguaueris</span> <span class='ocrx_word' id='word_1_174' title='bbox 893 3220 1055 3286; x_wconf 89' lang='lat' dir='ltr'>auxilium</span> <span class='ocrx_word' id='word_1_175' title='bbox 1070 3231 1166 3287; x_wconf 93' lang='lat' dir='ltr'>tuum</span> 
     </span>
     <span class='ocr_line' id='line_1_31' title="bbox 248 3306 865 3391; baseline 0.005 -22"><span class='ocrx_word' id='word_1_176' title='bbox 248 3306 291 3370; x_wconf 90' lang='lat' dir='ltr'>ad</span> <span class='ocrx_word' id='word_1_177' title='bbox 306 3306 544 3373; x_wconf 84' lang='lat' dir='ltr'>deffensionem</span> <span class='ocrx_word' id='word_1_178' title='bbox 561 3328 671 3373; x_wconf 88' lang='lat' dir='ltr'>meam</span> <span class='ocrx_word' id='word_1_179' title='bbox 686 3309 865 3391; x_wconf 83' lang='lat' dir='ltr'>conspice¹&#39;</span> 
     </span>
     <span class='ocr_line' id='line_1_32' title="bbox 250 3393 801 3460; baseline 0 -2"><span class='ocrx_word' id='word_1_180' title='bbox 250 3393 339 3458; x_wconf 86' lang='lat' dir='ltr'>Erue</span> <span class='ocrx_word' id='word_1_181' title='bbox 353 3414 374 3457; x_wconf 93' lang='lat' dir='ltr'>a</span> <span class='ocrx_word' id='word_1_182' title='bbox 390 3393 514 3460; x_wconf 76' lang='lat' dir='ltr'>framea</span> <span class='ocrx_word' id='word_1_183' title='bbox 529 3394 675 3459; x_wconf 90' lang='lat' dir='ltr'>animam</span> <span class='ocrx_word' id='word_1_184' title='bbox 692 3414 801 3459; x_wconf 91' lang='lat' dir='ltr'>meam</span> 
     </span>
     <span class='ocr_line' id='line_1_33' title="bbox 182 3480 864 3547; baseline 0.004 -4"><span class='ocrx_word' id='word_1_185' title='bbox 182 3480 228 3544; x_wconf 92' lang='lat'>60</span> <span class='ocrx_word' id='word_1_186' title='bbox 248 3480 340 3544; x_wconf 90' lang='lat' dir='ltr'>etde</span> <span class='ocrx_word' id='word_1_187' title='bbox 356 3501 457 3545; x_wconf 92' lang='lat' dir='ltr'>manu</span> <span class='ocrx_word' id='word_1_188' title='bbox 473 3483 564 3547; x_wconf 89' lang='lat' dir='ltr'>canis</span> <span class='ocrx_word' id='word_1_189' title='bbox 580 3482 711 3546; x_wconf 91' lang='lat' dir='ltr'>unicam</span> <span class='ocrx_word' id='word_1_190' title='bbox 729 3482 864 3546; x_wconf 84' lang='lat' dir='ltr'>meam¹⁸</span> 
     </span>
     <span class='ocr_line' id='line_1_34' title="bbox 250 3567 672 3636; baseline -0.005 -3"><span class='ocrx_word' id='word_1_191' title='bbox 250 3567 352 3633; x_wconf 83' lang='lat' dir='ltr'>Salua</span> <span class='ocrx_word' id='word_1_192' title='bbox 368 3588 421 3632; x_wconf 92' lang='lat' dir='ltr'>me</span> <span class='ocrx_word' id='word_1_193' title='bbox 436 3588 480 3636; x_wconf 87' lang='lat' dir='ltr'>ex</span> <span class='ocrx_word' id='word_1_194' title='bbox 496 3589 552 3634; x_wconf 90' lang='lat' dir='ltr'>ore</span> <span class='ocrx_word' id='word_1_195' title='bbox 569 3569 672 3633; x_wconf 91' lang='lat' dir='ltr'>leonis</span> 
     </span>
     <span class='ocr_line' id='line_1_35' title="bbox 248 3653 1102 3721; baseline 0.001 -4"><span class='ocrx_word' id='word_1_196' title='bbox 248 3664 282 3718; x_wconf 91' lang='lat' dir='ltr'>et</span> <span class='ocrx_word' id='word_1_197' title='bbox 297 3675 317 3718; x_wconf 91' lang='lat' dir='ltr'>a</span> <span class='ocrx_word' id='word_1_198' title='bbox 332 3656 485 3721; x_wconf 89' lang='lat' dir='ltr'>cornibus</span> <span class='ocrx_word' id='word_1_199' title='bbox 501 3656 706 3721; x_wconf 90' lang='lat' dir='ltr'>unicornium</span> <span class='ocrx_word' id='word_1_200' title='bbox 721 3653 943 3719; x_wconf 88' lang='lat' dir='ltr'>humilitatem</span> <span class='ocrx_word' id='word_1_201' title='bbox 965 3655 1102 3719; x_wconf 79' lang='lat' dir='ltr'>meam¹⁰</span> 
     </span>
     <span class='ocr_line' id='line_1_36' title="bbox 250 3739 882 3809; baseline -0.005 -2"><span class='ocrx_word' id='word_1_202' title='bbox 250 3739 334 3807; x_wconf 89' lang='lat' dir='ltr'>Uias</span> <span class='ocrx_word' id='word_1_203' title='bbox 349 3751 425 3806; x_wconf 89' lang='lat' dir='ltr'>tuas</span> <span class='ocrx_word' id='word_1_204' title='bbox 440 3743 574 3809; x_wconf 91' lang='lat' dir='ltr'>domine</span> <span class='ocrx_word' id='word_1_205' title='bbox 589 3744 780 3807; x_wconf 88' lang='lat' dir='ltr'>demonstra</span> <span class='ocrx_word' id='word_1_206' title='bbox 803 3742 882 3805; x_wconf 89' lang='lat' dir='ltr'>mihi</span> 
     </span>
     <span class='ocr_line' id='line_1_37' title="bbox 248 3829 733 3895; baseline 0.004 -3"><span class='ocrx_word' id='word_1_207' title='bbox 248 3838 282 3892; x_wconf 91' lang='lat' dir='ltr'>et</span> <span class='ocrx_word' id='word_1_208' title='bbox 297 3829 448 3894; x_wconf 91' lang='lat' dir='ltr'>semittas</span> <span class='ocrx_word' id='word_1_209' title='bbox 464 3840 539 3895; x_wconf 90' lang='lat' dir='ltr'>tuas</span> <span class='ocrx_word' id='word_1_210' title='bbox 555 3831 637 3895; x_wconf 91' lang='lat' dir='ltr'>doce</span> <span class='ocrx_word' id='word_1_211' title='bbox 654 3831 733 3895; x_wconf 82' lang='lat' dir='ltr'>me&#39;⁰</span> 
     </span>
     <span class='ocr_line' id='line_1_38' title="bbox 172 3914 999 3999; baseline 0.001 -21"><span class='ocrx_word' id='word_1_212' title='bbox 172 3915 224 3996; x_wconf 79' lang='lat'>-65</span> <span class='ocrx_word' id='word_1_213' title='bbox 250 3914 365 3999; x_wconf 81' lang='lat' dir='ltr'>Dirige</span> <span class='ocrx_word' id='word_1_214' title='bbox 381 3935 435 3980; x_wconf 92' lang='lat' dir='ltr'>me</span> <span class='ocrx_word' id='word_1_215' title='bbox 450 3917 484 3981; x_wconf 91' lang='lat' dir='ltr'>in</span> <span class='ocrx_word' id='word_1_216' title='bbox 500 3918 673 3982; x_wconf 90' lang='lat' dir='ltr'>ueritatem</span> <span class='ocrx_word' id='word_1_217' title='bbox 690 3927 782 3981; x_wconf 91' lang='lat' dir='ltr'>tuam</span> <span class='ocrx_word' id='word_1_218' title='bbox 798 3925 832 3980; x_wconf 91' lang='lat' dir='ltr'>et</span> <span class='ocrx_word' id='word_1_219' title='bbox 848 3916 929 3980; x_wconf 90' lang='lat' dir='ltr'>doce</span> <span class='ocrx_word' id='word_1_220' title='bbox 946 3935 999 3980; x_wconf 92' lang='lat' dir='ltr'>mc</span> 
     </span>
     <span class='ocr_line' id='line_1_39' title="bbox 248 4003 1230 4085; baseline 0.004 -20"><span class='ocrx_word' id='word_1_221' title='bbox 248 4003 326 4085; x_wconf 91' lang='lat' dir='ltr'>quia</span> <span class='ocrx_word' id='word_1_222' title='bbox 341 4012 376 4066; x_wconf 93' lang='lat' dir='ltr'>tu</span> <span class='ocrx_word' id='word_1_223' title='bbox 393 4023 429 4068; x_wconf 91' lang='lat' dir='ltr'>es</span> <span class='ocrx_word' id='word_1_224' title='bbox 444 4005 526 4069; x_wconf 90' lang='lat' dir='ltr'>deus</span> <span class='ocrx_word' id='word_1_225' title='bbox 542 4006 688 4070; x_wconf 90' lang='lat' dir='ltr'>saluator</span> <span class='ocrx_word' id='word_1_226' title='bbox 703 4022 796 4068; x_wconf 89' lang='lat' dir='ltr'>meus</span> <span class='ocrx_word' id='word_1_227' title='bbox 811 4013 844 4067; x_wconf 90' lang='lat' dir='ltr'>et</span> <span class='ocrx_word' id='word_1_228' title='bbox 859 4013 893 4067; x_wconf 92' lang='lat' dir='ltr'>te</span> <span class='ocrx_word' id='word_1_229' title='bbox 908 4003 1049 4068; x_wconf 92' lang='lat' dir='ltr'>sustinui</span> <span class='ocrx_word' id='word_1_230' title='bbox 1066 4011 1137 4069; x_wconf 92' lang='lat' dir='ltr'>tota</span> <span class='ocrx_word' id='word_1_231' title='bbox 1151 4004 1230 4070; x_wconf 80' lang='lat' dir='ltr'>die&#39;¹</span> 
     </span>
     <span class='ocr_line' id='line_1_40' title="bbox 250 4089 1051 4157; baseline 0.004 -5"><span class='ocrx_word' id='word_1_232' title='bbox 250 4089 474 4155; x_wconf 90' lang='lat' dir='ltr'>Reminiscere</span> <span class='ocrx_word' id='word_1_233' title='bbox 490 4092 754 4157; x_wconf 88' lang='lat' dir='ltr'>misserationum</span> <span class='ocrx_word' id='word_1_234' title='bbox 771 4100 901 4154; x_wconf 91' lang='lat' dir='ltr'>tuarum</span> <span class='ocrx_word' id='word_1_235' title='bbox 917 4090 1051 4155; x_wconf 91' lang='lat' dir='ltr'>domine</span> 
     </span>
     <span class='ocr_line' id='line_1_41' title="bbox 248 4177 1100 4260; baseline 0.004 -21"><span class='ocrx_word' id='word_1_236' title='bbox 248 4185 282 4239; x_wconf 91' lang='lat' dir='ltr'>et</span> <span class='ocrx_word' id='word_1_237' title='bbox 299 4177 593 4243; x_wconf 88' lang='lat' dir='ltr'>misericordiarum</span> <span class='ocrx_word' id='word_1_238' title='bbox 609 4188 820 4260; x_wconf 87' lang='lat' dir='ltr'>tuarumque</span> <span class='ocrx_word' id='word_1_239' title='bbox 836 4197 856 4241; x_wconf 93' lang='lat' dir='ltr'>a</span> <span class='ocrx_word' id='word_1_240' title='bbox 870 4177 982 4242; x_wconf 89' lang='lat' dir='ltr'>seculo</span> <span class='ocrx_word' id='word_1_241' title='bbox 996 4179 1100 4242; x_wconf 77' lang='lat' dir='ltr'>sunt¹²</span> 
     </span>
    </p>
   </div>
   <div class='ocr_carea' id='block_1_5' title="bbox 214 4337 607 4404">
    <p class='ocr_par' dir='ltr' id='par_1_5' title="bbox 214 4337 607 4404">
     <span class='ocr_line' id='line_1_42' title="bbox 214 4337 607 4404; baseline -0.005 -11"><span class='ocrx_word' id='word_1_242' title='bbox 214 4350 248 4404; x_wconf 76' lang='grc'>47</span> <span class='ocrx_word' id='word_1_243' title='bbox 266 4337 381 4393; x_wconf 89' lang='lat' dir='ltr'>domine</span> <span class='ocrx_word' id='word_1_244' title='bbox 393 4353 445 4392; x_wconf 81' lang='lat' dir='ltr'>om.</span> <span class='ocrx_word' id='word_1_245' title='bbox 459 4338 484 4391; x_wconf 88' lang='grc' dir='ltr'><strong>Τ</strong></span> <span class='ocrx_word' id='word_1_246' title='bbox 496 4338 549 4392; x_wconf 69' lang='lat' dir='ltr'>ins.</span> <span class='ocrx_word' id='word_1_247' title='bbox 563 4337 607 4391; x_wconf 68' lang='lat' dir='ltr'>T*</span> 
     </span>
    </p>
   </div>
   <div class='ocr_carea' id='block_1_6' title="bbox 159 4467 1363 4625">
    <p class='ocr_par' dir='ltr' id='par_1_6' title="bbox 159 4467 1363 4625">
     <span class='ocr_line' id='line_1_43' title="bbox 199 4467 1345 4523; baseline 0.012 -21"><span class='ocrx_word' id='word_1_248' title='bbox 199 4469 257 4512; x_wconf 67' lang='lat'>11³..</span> <span class='ocrx_word' id='word_1_249' title='bbox 267 4468 304 4513; x_wconf 64' lang='lat' dir='ltr'>gii,</span> <span class='ocrx_word' id='word_1_250' title='bbox 314 4485 334 4523; x_wconf 72' lang='lat'>3,</span> <span class='ocrx_word' id='word_1_251' title='bbox 418 4471 428 4500; x_wconf 85' lang='lat'><strong>¹</strong></span> <span class='ocrx_word' id='word_1_252' title='bbox 442 4470 476 4513; x_wconf 81' lang='lat' dir='ltr'>Ps.</span> <span class='ocrx_word' id='word_1_253' title='bbox 486 4484 521 4511; x_wconf 79' lang='lat' dir='ltr'>xv.</span> <span class='ocrx_word' id='word_1_254' title='bbox 531 4485 548 4512; x_wconf 90' lang='grc' dir='ltr'>ι.</span> <span class='ocrx_word' id='word_1_255' title='bbox 674 4471 684 4498; x_wconf 82' lang='lat'>⁸</span> <span class='ocrx_word' id='word_1_256' title='bbox 698 4470 732 4511; x_wconf 73' lang='lat' dir='ltr'>Pr.</span> <span class='ocrx_word' id='word_1_257' title='bbox 743 4468 788 4510; x_wconf 82' lang='lat' dir='ltr'>xvi.</span> <span class='ocrx_word' id='word_1_258' title='bbox 799 4484 816 4510; x_wconf 88' lang='grc' dir='ltr'>ι.</span> <span class='ocrx_word' id='word_1_259' title='bbox 927 4472 936 4497; x_wconf 74' lang='lat'><strong>⁴</strong></span> <span class='ocrx_word' id='word_1_260' title='bbox 951 4469 985 4510; x_wconf 83' lang='lat' dir='ltr'>Pr.</span> <span class='ocrx_word' id='word_1_261' title='bbox 996 4467 1038 4510; x_wconf 78' lang='lat' dir='ltr'>xvi.</span> <span class='ocrx_word' id='word_1_262' title='bbox 1048 4483 1067 4521; x_wconf 75' lang='lat'>3.</span> <span class='ocrx_word' id='word_1_263' title='bbox 1203 4472 1211 4500; x_wconf 84' lang='lat'><strong>¹</strong></span> <span class='ocrx_word' id='word_1_264' title='bbox 1226 4471 1260 4514; x_wconf 77' lang='lat' dir='ltr'>Pe.</span> <span class='ocrx_word' id='word_1_265' title='bbox 1270 4472 1314 4515; x_wconf 75' lang='lat' dir='ltr'>xvi.</span> <span class='ocrx_word' id='word_1_266' title='bbox 1323 4477 1345 4516; x_wconf 84' lang='grc'>6.</span> 
     </span>
     <span class='ocr_line' id='line_1_44' title="bbox 159 4519 1363 4576; baseline 0.002 -13"><span class='ocrx_word' id='word_1_267' title='bbox 159 4519 298 4564; x_wconf 46' lang='lat' dir='ltr'>‘husim</span> <span class='ocrx_word' id='word_1_268' title='bbox 416 4519 555 4564; x_wconf 60' lang='lat' dir='ltr'>made</span> <span class='ocrx_word' id='word_1_269' title='bbox 672 4519 810 4571; x_wconf 64' lang='lat' dir='ltr'>&#39;hvap</span> <span class='ocrx_word' id='word_1_270' title='bbox 924 4519 1085 4572; x_wconf 60' lang='lat' dir='ltr'>’hanins</span> <span class='ocrx_word' id='word_1_271' title='bbox 1193 4522 1363 4576; x_wconf 55' lang='lat' dir='ltr'>”Paniiw</span> 
     </span>
     <span class='ocr_line' id='line_1_45' title="bbox 161 4535 1355 4625; baseline 0.006 -16"><span class='ocrx_word' id='word_1_272' title='bbox 161 4570 177 4600; x_wconf 81' lang='lat'>¹¹</span> <span class='ocrx_word' id='word_1_273' title='bbox 192 4570 228 4613; x_wconf 74' lang='lat' dir='ltr'>Pe.</span> <span class='ocrx_word' id='word_1_274' title='bbox 237 4535 296 4615; x_wconf 59' lang='lat' dir='ltr'>xviii.</span> <span class='ocrx_word' id='word_1_275' title='bbox 308 4587 339 4625; x_wconf 76' lang='lat'>¹³·</span> <span class='ocrx_word' id='word_1_276' title='bbox 409 4572 427 4601; x_wconf 80' lang='lat'>¹⁸</span> <span class='ocrx_word' id='word_1_277' title='bbox 441 4572 476 4614; x_wconf 77' lang='lat' dir='ltr'>Pe.</span> <span class='ocrx_word' id='word_1_278' title='bbox 485 4570 545 4614; x_wconf 76' lang='lat' dir='ltr'>xviii.</span> <span class='ocrx_word' id='word_1_279' title='bbox 558 4586 587 4623; x_wconf 67' lang='lat' dir='ltr'>re.</span> <span class='ocrx_word' id='word_1_280' title='bbox 665 4572 682 4601; x_wconf 81' lang='lat'>¹⁸</span> <span class='ocrx_word' id='word_1_281' title='bbox 697 4570 731 4613; x_wconf 76' lang='lat' dir='ltr'>Pe.</span> <span class='ocrx_word' id='word_1_282' title='bbox 741 4570 784 4612; x_wconf 80' lang='lat' dir='ltr'>xix.</span> <span class='ocrx_word' id='word_1_283' title='bbox 796 4584 827 4612; x_wconf 86' lang='grc' dir='ltr'>ιο.</span> <span class='ocrx_word' id='word_1_284' title='bbox 917 4571 935 4599; x_wconf 79' lang='lat'>¹⁴</span> <span class='ocrx_word' id='word_1_285' title='bbox 949 4570 984 4613; x_wconf 80' lang='lat' dir='ltr'>Pe.</span> <span class='ocrx_word' id='word_1_286' title='bbox 995 4569 1040 4613; x_wconf 81' lang='lat' dir='ltr'>xxi.</span> <span class='ocrx_word' id='word_1_287' title='bbox 1050 4586 1069 4612; x_wconf 79' lang='lat' dir='ltr'>a.</span> <span class='ocrx_word' id='word_1_288' title='bbox 1193 4573 1210 4603; x_wconf 84' lang='lat'>¹⁸</span> <span class='ocrx_word' id='word_1_289' title='bbox 1222 4573 1258 4617; x_wconf 82' lang='grc' dir='ltr'>Ρι.</span> <span class='ocrx_word' id='word_1_290' title='bbox 1268 4574 1312 4617; x_wconf 79' lang='lat' dir='ltr'>axi.</span> <span class='ocrx_word' id='word_1_291' title='bbox 1324 4590 1355 4618; x_wconf 90' lang='grc' dir='ltr'>ιι.</span> 
     </span>
    </p>
   </div>
   <div class='ocr_carea' id='block_1_7' title="bbox 160 4620 1356 4724">
    <p class='ocr_par' dir='ltr' id='par_1_7' title="bbox 160 4620 1356 4724">
     <span class='ocr_line' id='line_1_46' title="bbox 160 4620 1356 4702; baseline 0.002 -37"><span class='ocrx_word' id='word_1_292' title='bbox 160 4620 179 4702; x_wconf 54' lang='lat'><strong>³</strong></span> <span class='ocrx_word' id='word_1_293' title='bbox 192 4621 228 4665; x_wconf 65' lang='lat' dir='ltr'>Pe</span> <span class='ocrx_word' id='word_1_294' title='bbox 237 4621 283 4665; x_wconf 76' lang='lat' dir='ltr'>xxi.</span> <span class='ocrx_word' id='word_1_295' title='bbox 293 4637 325 4665; x_wconf 80' lang='grc' dir='ltr'>ιι.</span> <span class='ocrx_word' id='word_1_296' title='bbox 410 4623 427 4653; x_wconf 81' lang='lat'>¹⁷</span> <span class='ocrx_word' id='word_1_297' title='bbox 440 4623 476 4667; x_wconf 78' lang='lat' dir='ltr'>Pe.</span> <span class='ocrx_word' id='word_1_298' title='bbox 486 4621 530 4685; x_wconf 73' lang='lat' dir='ltr'>ui.</span> <span class='ocrx_word' id='word_1_299' title='bbox 541 4637 573 4665; x_wconf 83' lang='lat' dir='ltr'>so.</span> <span class='ocrx_word' id='word_1_300' title='bbox 662 4622 680 4652; x_wconf 82' lang='lat'>¹⁸</span> <span class='ocrx_word' id='word_1_301' title='bbox 694 4621 728 4665; x_wconf 81' lang='lat' dir='ltr'>Ps.</span> <span class='ocrx_word' id='word_1_302' title='bbox 739 4620 782 4663; x_wconf 83' lang='lat' dir='ltr'>xxi.</span> <span class='ocrx_word' id='word_1_303' title='bbox 793 4636 825 4663; x_wconf 84' lang='grc' dir='ltr'>ιι.</span> <span class='ocrx_word' id='word_1_304' title='bbox 915 4620 933 4650; x_wconf 71' lang='lat'>¹⁹</span> <span class='ocrx_word' id='word_1_305' title='bbox 946 4621 980 4664; x_wconf 77' lang='lat' dir='ltr'>Pu.</span> <span class='ocrx_word' id='word_1_306' title='bbox 991 4621 1035 4664; x_wconf 78' lang='lat' dir='ltr'>xxi.</span> <span class='ocrx_word' id='word_1_307' title='bbox 1046 4638 1078 4664; x_wconf 79' lang='lat' dir='ltr'>aa.</span> <span class='ocrx_word' id='word_1_308' title='bbox 1191 4623 1211 4652; x_wconf 65' lang='grc' dir='ltr'>Ι</span> <span class='ocrx_word' id='word_1_309' title='bbox 1223 4624 1325 4668; x_wconf 63' lang='lat' dir='ltr'>anniv.</span> <span class='ocrx_word' id='word_1_310' title='bbox 1336 4643 1356 4679; x_wconf 61' lang='grc' dir='ltr'>ι.</span> 
     </span>
     <span class='ocr_line' id='line_1_47' title="bbox 193 4672 576 4724; baseline -0.003 -7"><span class='ocrx_word' id='word_1_311' title='bbox 193 4672 296 4717; x_wconf 70' lang='lat' dir='ltr'>hans.</span> <span class='ocrx_word' id='word_1_312' title='bbox 306 4687 326 4724; x_wconf 68' lang='lat'>5.</span> <span class='ocrx_word' id='word_1_313' title='bbox 410 4674 429 4703; x_wconf 75' lang='lat'><strong>¹</strong></span> <span class='ocrx_word' id='word_1_314' title='bbox 443 4675 477 4717; x_wconf 68' lang='lat' dir='ltr'>Pe</span> <span class='ocrx_word' id='word_1_315' title='bbox 487 4688 546 4717; x_wconf 74' lang='lat' dir='ltr'>xxiv.</span> <span class='ocrx_word' id='word_1_316' title='bbox 555 4677 576 4716; x_wconf 81' lang='grc'>6.</span> 
     </span>
    </p>
   </div>
   <div class='ocr_carea' id='block_1_8' title="bbox 212 4741 1263 4803">
    <p class='ocr_par' dir='ltr' id='par_1_8' title="bbox 212 4741 1263 4803">
     <span class='ocr_line' id='line_1_48' title="bbox 212 4741 1263 4803; baseline 0.001 -1"><span class='ocrx_word' id='word_1_317' title='bbox 212 4749 323 4802; x_wconf 80' lang='lat' dir='ltr'>LIBER</span> <span class='ocrx_word' id='word_1_318' title='bbox 350 4741 461 4803; x_wconf 58' lang='grc' dir='ltr'>ΗΥΜΕν</span> <span class='ocrx_word' id='word_1_319' title='bbox 1240 4752 1263 4803; x_wconf 87' lang='lat'>1.</span> 
     </span>
    </p>
   </div>
   <div class='ocr_carea' id='block_1_9' title="bbox 0 0 1615 5220">
    <p class='ocr_par' dir='ltr' id='par_1_9' title="bbox 0 0 1615 5220">
     <span class='ocr_line' id='line_1_49' title="bbox 0 0 1615 5220; baseline 0 0"><span class='ocrx_word' id='word_1_320' title='bbox 0 0 1615 5220; x_wconf 95' lang='lat' dir='ltr'> </span> 
     </span>
    </p>
   </div>
  </div>
 </body>
</html>
