3052 5220
131 141 172 183 112
479 123 615 171 [AiilEiV
618 124 640 169 Y
638 126 659 170 ,i
669 123 692 170 Τ
690 123 727 170 10
744 123 770 171 S.
792 120 981 171 ArtrBROSll.

130 281 182 384 T]
231 281 369 360 Ymnis
382 299 420 357 te
429 280 581 356 domine
592 280 716 382 angeli
726 294 765 356 et
776 275 988 379 archangeli
1003 275 1081 375 pari
1093 272 1328 351 confessione

283 381 524 482 magnificant

138 506 204 579 155
232 483 356 581 ymnis
374 499 412 558 te
429 481 603 557 caelorum
621 480 778 557 uirtutes
794 494 834 554 et
846 493 1053 578 potestates
1063 474 1330 553 concelebrunt

233 584 357 682 ymnis
374 601 412 658 te
430 582 656 682 principatus
674 600 712 656 et
729 579 1002 656 dominationes
1019 577 1214 654 declarunt
1278 654 1301 669 ,Α

232 685 356 783 ymnis
386 701 425 759 te
454 683 550 759 troni
586 682 759 781 hiruphin
789 698 829 757 et
860 679 1033 778 saraphin
1061 675 1332 755 incessabiliter

283 784 509 860 benedicunt
1121 828 1126 838 .

234 886 357 984 ymnis
369 905 406 962 te
420 884 661 961 celestium'et
674 882 902 960 terrestrium
930 941 938 959 .
967 939 976 957 .
1006 940 1014 956 .
1043 879 1189 957 uiorum
1200 879 1331 956 adorat

288 987 486 1063 multitudo

234 1090 429 1188 ymnis..
459 1148 466 1163 .
499 1147 506 1164 .
534 1087 706 1163 uniuersa
742 1085 887 1161 aeclesia
922 1082 1118 1158 indefessis
1157 1080 1339 1157 laudibus

286 1190 350 1289 glo
377 1248 384 1265 .
415 1249 423 1264 .
453 1248 461 1265 .

140 1297 209 1367 160
235 1291 399 1367 heuheu
418 1291 490 1366 heu
509 1289 600 1364 mihi
613 1289 764 1365 domine

236 1537 399 1616 Zezania
416 1537 568 1615 domine
586 1539 623 1614 in
642 1564 802 1614 messem
821 1563 943 1614 meant
959 1535 1127 1613 inimicus
1141 1534 1213 1611 hoc
1224 1552 1336 1611 nocte

285 1640 483 1714 seminauit

235 1741 383 1814 zezania
400 1742 563 1839 pessima
581 1741 702 1815 cordis
722 1739 793 1815 mei
812 1765 903 1840 ager
920 1736 1071 1837 protulit

237 1866 384 1914 zezanta
403 1867 486 1915 cum
505 1859 626 1916 tritico
645 1867 730 1915 meo
749 1866 796 1915 ne
814 1866 914 1914 smas
932 1864 1099 1914 cresccre

236 1940 409 2015 zabulum
435 1967 518 2015 cum
549 1941 643 2015 loliis
670 1942 934 2015 seminatorem
961 1938 1114 2015 uentilia
1139 1937 1188 2013 de
1213 1937 1337 2038 segite

287 2066 371 2116 meo

142 2146 208 2236 165
237 2139 356 2216 zelare
383 2141 533 2217 domine
563 2160 605 2217 ut
632 2167 706 2216 non
738 2141 838 2216 sinas
865 2165 985 2239 usque
1013 2139 1050 2215 in
1079 2138 1190 2215 finem
1215 2139 1340 2238 perire

290 2242 466 2316 famulum
486 2260 589 2317 tuum

240 2340 364 2418 zelans
381 2344 473 2417 deus
493 2343 702 2418 misericors
716 2343 892 2418 miserere
910 2341 983 2417 mei
1004 2341 1040 2417 in
1062 2339 1199 2418 saecula
1224 2366 1342 2416 saecu·

292 2442 419 2519 lorum.
450 2470 570 2519 amen.

205 3047 247 3136 T]
287 3053 337 3116 sol.
356 3051 415 3116 aob
429 3055 461 3115 in
475 3062 536 3132 sup.
553 3073 644 3131 marg.

308 3216 458 3278 nascimur
471 3235 507 3278 cx
521 3217 597 3277 ferro
611 3233 709 3276 rursus
724 3216 800 3277 ferro
814 3212 1002 3275 muribundae

307 3340 667 3362 ........
710 3296 847 3357 uolucres
860 3313 959 3373 penna
973 3291 1131 3356 uolitantes

304 3379 344 3441 ad
358 3379 490 3441 etberam
506 3389 621 3439 tanturn
636 3396 691 3437 nos
706 3379 807 3437 fratres
821 3380 933 3438 incerta
953 3419 962 3438 .
983 3421 990 3438 .
1013 3385 1132 3436 tearunt

304 3461 356 3538 qui
371 3459 453 3538 cupit
468 3461 611 3521 instanter
624 3457 726 3519 sitiens
740 3458 842 3521 audire
855 3457 998 3519 docentes

305 3552 369 3602 turn
384 3539 445 3602 cito
467 3587 475 3602 .
497 3585 505 3603 .
528 3586 536 3602 .
557 3540 695 3618 rogitanti
710 3538 800 3600 uerba
815 3540 935 3599 silenter

307 3720 358 3763 me
373 3702 530 3781 (ped)ibus
547 3702 745 3779 manibusque
759 3699 848 3762 simul
861 3700 1029 3761 srudauetat
1042 3699 1147 3760 umus.

305 3782 395 3862 piscis
409 3784 491 3845 dixit

208 3987 236 4047 Τ
238 3996 249 4068 j
291 3987 340 4047 tot.
359 4004 393 4047 21
411 3988 443 4047 in
457 3996 518 4064 sup.
535 4002 627 4064 marg.
1216 4042 1223 4054 ,

214 4114 220 4129 .
244 4114 250 4128 .
274 4066 409 4128 timendo
431 4067 599 4128 infatuatur.
622 4063 729 4126 calcari
750 4067 830 4128 enirn
855 4084 917 4128 non
937 4075 1037 4145 potest
1058 4065 1114 4127 nisi
1134 4062 1273 4142 inferior3
1292 4067 1347 4128 sed

152 4148 272 4212 inferior
293 4195 301 4210 .
324 4195 330 4208 .
355 4194 363 4211 .
384 4150 451 4228 quis
466 4149 496 4209 in
512 4166 634 4226 corpore
655 4149 748 4208 multa
768 4147 799 4208 in
819 4159 895 4210 terra
919 4148 1181 4222 susteneatcorde
1195 4165 1257 4209 non
1272 4148 1348 4210 fixus
