3052 5220
458 634 665 689 CANYEMUS
679 631 832 687 DOMINO
850 630 1038 686 oaonloss.

256 1176 494 1278 [Pnanrnrro
521 1200 561 1252 rn
590 1175 796 1255 Cnnrrcurr
826 1176 1045 1255 Cnnrnuvs
1066 1176 1266 1278 Douma]

160 1396 197 1482 F]
222 1398 409 1476 lCantemus.
433 1401 500 1461 Filii
522 1399 635 1462 Israhel
653 1400 713 1461 hoc
733 1401 884 1467 canticum
904 1400 1078 1463 cecinerunt
1096 1409 1165 1480 post
1198 1396 1265 1483 [sol
1290 1396 1357 1459 rob.

220 1480 377 1543 transitum
385 1482 465 1544 rubri
474 1482 562 1543 maris
575 1492 606 1543 et
617 1481 836 1544 demersionem
847 1482 965 1544 illorum
976 1482 1007 1543 in
1018 1481 1078 1545 illo
1121 1481 1357 1560 Moysestamcn

220 1574 251 1624 et
265 1574 346 1625 totus
359 1563 469 1625 chorus
483 1563 575 1625 uirilis
588 1569 669 1642 prius
682 1561 824 1625 cantauit
867 1563 1045 1626 Hironimus
1066 1561 1239 1642 dicitquod
1261 1561 1358 1623 Muli

220 1662 303 1705 soror
331 1647 431 1707 Aaron
458 1662 528 1705 cum
556 1643 730 1706 mulieribus
753 1645 858 1724 populi
880 1644 989 1708 cecinit
999 1666 1010 1721 3
1029 1645 1084 1707 sed
1111 1644 1198 1706 finito
1224 1642 1359 1705 carmine

181 1742 197 1802 5
221 1725 353 1785 uirorum
367 1724 539 1787 mulieribus
553 1743 641 1787 sexus
654 1725 740 1804 quasi
754 1725 890 1788 secundo
903 1726 1009 1789 ordine
1029 1725 1088 1788 hoc
1101 1743 1223 1788 carmen
1237 1723 1357 1787 cecinit

412 2310 647 2414 [Canterius
682 2313 848 2391 Dourno
882 2310 1109 2416 Gnonrosa]

166 2525 208 2616 F]
232 2527 463 2663 CAntcmus
478 2530 615 2597 domino
631 2531 773 2616 gloriose
788 2532 877 2598 enim
893 2531 1189 2599 honorificatusest

336 2636 459 2700 equum
475 2628 510 2683 et
524 2638 734 2686 ascensorem
749 2619 869 2685 deiecit
884 2620 918 2685 in
934 2640 1025 2687 mare

230 2702 378 2769 Adiutor
392 2714 426 2769 et
443 2713 612 2789 protector
626 2705 687 2772 iult
700 2706 781 2772 mihi
793 2705 826 2771 in
843 2707 984 2774 salutem

229 2789 283 2854 hic
298 2790 379 2856 deus
396 2811 489 2857 meus
504 2802 538 2857 ct
553 2791 781 2859 honorificabo
794 2813 872 2859 eum

190 2891 205 2959 5
231 2877 313 2943 deus
329 2879 432 2963 patris
448 2879 513 2944 mei
529 2888 563 2945 et
578 2879 737 2946 exaltabo
751 2900 828 2946 eum
904 2898 909 2908 ·

233 2964 399 3030 Dominus
414 2975 589 3031 conterens
604 2965 691 3032 bella
706 2967 860 3033 dominus
875 2987 998 3034 nomen
1013 2977 1065 3034 est
1080 2966 1125 3034 illi

233 3051 355 3117 Currus
372 3052 552 3118 Pharaonis
567 3064 601 3119 et
617 3054 801 3120 exercitum
816 3055 887 3120 eius
902 3056 1038 3139 proiecit
1054 3055 1087 3120 in
1103 3074 1194 3120 mare

234 3140 341 3205 Electi
357 3139 522 3226 principes
536 3140 606 3205 eius
622 3142 784 3207 submersi
798 3152 876 3207 sunt
892 3142 925 3207 in
941 3142 1039 3208 rubro
1055 3143 1135 3207 marl
1254 3138 1258 3145 ’

236 3227 363 3310 Pylago
378 3227 547 3311 cooperuit
561 3248 618 3292 eos
708 3303 711 3309 ,

174 3330 213 3380 10
234 3314 439 3379 deuenerunt
454 3314 487 3380 in
503 3314 704 3401 profundum
720 3326 879 3400 tanquam
897 3315 981 3401 lapis

236 3401 387 3467 Dextera
402 3414 461 3467 tua
474 3403 610 3469 dominc
625 3402 809 3488 glorificata
823 3413 873 3469 est
888 3404 921 3468 in
938 3404 1058 3469 uirtute

235 3490 376 3553 dextera
392 3509 510 3555 manus
525 3500 584 3557 tua
598 3491 733 3556 domino
748 3489 910 3574 confregit
926 3491 1076 3556 inimicos

236 3574 282 3639 Et
298 3596 357 3660 per
372 3576 618 3643 multitudinem
635 3578 817 3644 malestatis
832 3588 898 3643 tuae
1111 3589 1114 3594 ’

234 3663 419 3729 contriuisti
433 3665 639 3731 aduersarios
654 3665 771 3731 misisti
787 3665 869 3731 iram
885 3677 976 3732 tuam

174 3767 184 3813 r
193 3763 208 3830 ς
234 3759 267 3814 et
282 3751 430 3817 comedit
444 3772 502 3816 eos
517 3762 677 3837 tanquam
693 3752 850 3837 stipulam

235 3835 281 3900 Et
296 3857 357 3920 per
370 3838 522 3921 spiritum
539 3838 717 3904 iracundiae
731 3850 799 3905 tuae
815 3839 939 3904 diuissa
955 3847 1005 3904 est
1020 3857 1105 3922 aqua

235 3920 433 3991 Gilauerunt
448 3934 608 4009 tanquam
625 3946 737 3991 murus
753 3946 849 4011 aquae

235 4009 421 4092 gilauerunt
436 4011 553 4077 fluctus
570 4012 603 4076 in
620 4013 731 4079 medio
746 4015 828 4078 mari

222 4244 279 4318 Aa]
314 4249 353 4329 rit
361 4248 388 4303 Α
401 4248 542 4305 canticum
555 4249 621 4304 ora
633 4247 776 4305 canticum
789 4249 889 4306 Mariae
901 4247 1004 4330 sororis
1018 4244 1111 4329 bloysi

171 4389 196 4470 ᾼ
208 4319 389 4444 ηιιξὶξῖω
401 4321 428 4375 Α
438 4403 454 4456 7
475 4334 649 4446 Faraoni²saA
675 4321 783 4447 uaurrgnss
792 4337 877 4446 {qum
889 4326 908 4373 ἲ
919 4319 1246 4449 apffieeffisgcensores
1258 4334 1372 4459 (3ὲὲ

170 4477 259 4516 srores
271 4462 302 4527 ἲ)
314 4470 410 4517 ternos
422 4471 556 4517 stratores
570 4461 701 4529 (statores
714 4462 745 4532 δ)
757 4461 891 4518 demersit
904 4461 932 4518 in
944 4461 1060 4517 rubrum
1073 4476 1152 4516 mare
1163 4460 1210 4515 A!
1354 4477 1373 4531 ⁹

169 4531 296 4604 pilagoz
413 4547 446 4587 ro
463 4542 609 4604 tamquam
621 4533 647 4588 Α
769 4547 810 4602 rr,
825 4549 856 4588 ra
874 4533 972 4589 dextra
984 4536 1004 4586 2
1124 4545 1154 4587 ra
1173 4530 1334 4604 confringet
1346 4535 1374 4590 Α

174 4616 203 4673 ις
223 4614 367 4675 tamquam
381 4604 427 4657 Αῑ
582 4604 614 4659 16
633 4602 812 4660 iraecundiae
823 4605 850 4659 Α
863 4602 1045 4660 iracondlae2
1080 4612 1145 4659 tuae
1156 4602 1184 4658 Α
1218 4600 1314 4661 diuisa
1325 4605 1373 4661 A!

173 4674 484 4746 17,18gylaueruntll
630 4687 661 4743 17
680 4676 864 4748 tamquamA
898 4691 994 4731 muros
1005 4675 1052 4730 Ab
1087 4674 1217 4747 aquaeA
