3052 5220
128 130 169 171 144
347 117 560 164 luxerimus
575 116 806 164 EXCERPTAE
823 117 876 164 DE
893 117 1109 167 PSALTERIO.

296 593 545 701 [Onarmuus
576 597 809 675 Excnnemu
834 622 886 675 nu
914 597 1159 701 Psaramo]

194 815 240 904 T]
272 819 439 904 Incipiunt
454 820 588 884 ‚ccclxu
612 820 776 884 orationes
799 839 882 903 quas
908 818 1027 884 beatus
1051 838 1139 903 papa
1155 815 1328 902 Grigorius

128 908 269 989 sparsim
286 907 327 972 de
352 920 424 973 toto
448 908 603 993 psalterio
618 908 683 973 deo
704 909 908 993 gubernante
929 916 964 971 et
986 906 1166 971 adiuuante
1192 925 1329 989 congre·

128 994 229 1076 gauit.
254 993 290 1061 Si
306 997 429 1060 deuota
445 1006 555 1060 mente
571 1005 745 1060 cantentur
760 996 866 1059 uicem
879 1002 914 1058 ut
927 995 1028 1057 lertur
1042 994 1191 1058 omnium
1204 993 1328 1077 psalm·

128 1100 222 1146 orum
239 1093 273 1147 et
288 1083 437 1174 sacrificii
453 1094 487 1148 et
503 1083 608 1147 fidelis
624 1084 807 1148 animarum
831 1081 1129 1147 commendationis
1147 1081 1329 1146 continent

294 1412 364 1477 Eus
381 1412 413 1475 in
430 1411 628 1475 adiutorium
646 1430 755 1474 meum
772 1409 907 1474 intende

336 1499 469 1562 domine
482 1499 523 1562 ad
539 1498 764 1561 adiuuandum
783 1518 835 1561 me
852 1490 983 1560 festina¹

220 1586 357 1670 Exurge
373 1585 507 1649 domine
523 1585 653 1648 saluum
671 1605 724 1647 me
740 1583 791 1647 sae
806 1584 888 1647 deus
904 1582 1026 1662 meus¹'

220 1671 376 1735 Miserere
393 1672 457 1735 mei
474 1672 555 1735 deus
571 1680 604 1734 et
620 1671 742 1733 exaudi
759 1670 941 1734 orationem
959 1662 1081 1732 meam⁸

178 1773 192 1836 5
221 1756 334 1822 Uerba
350 1778 423 1821 mea
440 1759 572 1823 auribus
588 1757 719 1839 percipe

218 1843 351 1908 domine
367 1844 513 1927 intellige
528 1845 706 1909 clamorem
730 1845 855 1907 meum‘

223 1931 363 1995 Intende
380 1931 453 1995 uoci
468 1931 626 1995 orationis
642 1950 726 1993 meae
743 1951 802 1993 rex
820 1949 913 1994 meus
929 1935 963 1992 et
978 1928 1060 1993 deus
1077 1927 1185 1992 meus⁸

218 2015 380 2099 [Domine
396 2038 437 2082 ne
453 2019 486 2081 in
502 2020 608 2082 lurore
625 2028 683 2080 tuo
698 2036 816 2098 arguas
834 2035 887 2080 me
1228 2010 1264 2099 [l'.
1282 2029 1334 2096 23.

222 2124 328 2187 neque
344 2105 376 2168 in
394 2105 440 2169 ira
457 2116 514 2168 tua
528 2105 684 2187 corripias
700 2103 766 2167 me⁸

160 2206 199 2255 10
223 2191 378 2255 Miserere
395 2193 459 2255 mei
476 2192 610 2256 domine
626 2191 782 2273 quoniam
799 2189 946 2254 infirmus
961 2209 1035 2253 sum

221 2298 302 2340 sana
317 2298 370 2342 me
387 2279 520 2342 domine
535 2279 691 2361 quoniam
708 2278 904 2341 conturbata
918 2285 997 2340 sunt
1012 2295 1089 2339 ossa
1105 2275 1191 2339 mea'

225 2364 268 2428 Et
284 2367 396 2429 anima
413 2387 486 2429 mea
502 2367 634 2430 turbata
649 2375 700 2429 est
715 2365 811 2428 ualde

223 2463 256 2516 et
273 2463 308 2516 tu
326 2454 459 2516 domine
475 2452 661 2536 usquequo⁸

223 2539 422 2606 Conuertere
438 2542 571 2606 domine
587 2542 676 2625 eripe
692 2540 837 2603 animam
855 2560 964 2603 meam

162 2643 197 2708 15
222 2629 351 2693 saluum
369 2650 421 2693 me
438 2629 488 2694 sac
504 2639 638 2713 propter
654 2628 908 2692 misericordiam
924 2628 1030 2692 tuam⁰

225 2716 369 2780 Domine
386 2718 467 2781 deus
485 2738 577 2781 meus
594 2719 626 2780 in
642 2726 675 2779 te
691 2714 819 2798 speraui

224 2803 353 2867 saluum
371 2826 423 2869 me
440 2805 490 2869 lae
506 2826 550 2868 ex
566 2805 720 2869 omnibus
736 2802 1008 2887 persequentibus
1024 2808 1123 2866 meet
1139 2797 1338 2866 liberame¹⁰
1386 2801 1391 2811 '
1435 2802 1440 2809 ’

227 2890 280 2953 Ne
295 2894 430 2975 quando
446 2894 551 2975 rapiat
567 2902 603 2955 ut
620 2892 671 2955 leo
686 2891 831 2955 animam
849 2910 957 2954 meam

225 2977 305 3041 dum
323 3001 388 3044 non
404 2990 455 3044 est
471 2981 526 3063 qui
544 2980 681 3043 redimet
698 2998 805 3061 neque
820 2976 876 3061 qui
892 2976 1021 3041 saluum
1037 2972 1160 3041 laciet¹¹

163 3078 205 3127 20
229 3063 386 3130 Miserere
404 3068 467 3131 mei
485 3067 618 3130 domine

224 3151 301 3215 uide
318 3154 538 3218 humilitatem
556 3173 664 3217 meam
680 3154 721 3216 de
737 3150 877 3215 inimicis
894 3151 1002 3214 meis¹¹

227 3234 365 3305 Saluum
383 3263 436 3306 me
452 3241 502 3306 sac
518 3241 652 3305 domine
667 3239 824 3322 quoniam
840 3237 960 3302 defecit
976 3234 1136 3301 sanctus¹⁸

227 3323 413 3411 Usquequo
428 3329 562 3392 domine
577 3326 778 3392 obliuisceris
794 3344 847 3389 me
863 3326 896 3388 in
912 3324 1011 3389 linem

227 3430 401 3496 usquequo
416 3416 537 3478 auertis
553 3414 671 3478 faciem
687 3413 806 3477 tuam¹⁴

162 3508 199 3576 25
228 3496 384 3579 Quandiu
402 3522 523 3584 ponam
540 3501 676 3564 consilia
691 3501 724 3563 in
740 3499 851 3563 anima
867 3517 941 3562 mea

227 3584 372 3651 dolorem
391 3589 424 3651 in
439 3589 537 3652 corde
554 3608 629 3651 meo
645 3609 703 3670 per
717 3584 832 3650 diem¹⁸

229 3672 415 3757 Usquequo
430 3676 633 3740 exaltabitur
649 3674 799 3738 inimicus
816 3693 908 3737 meus
925 3691 1024 3755 super
1040 3668 1122 3750 me¹l

226 3762 351 3844 respice
367 3772 400 3825 et
416 3756 540 3825 exaudi
557 3783 610 3826 me
627 3762 779 3824 dominus
796 3761 876 3823 deus
900 3779 993 3823 meus

228 3846 382 3912 lllumina
398 3848 510 3912 oculos
527 3870 618 3913 meos
635 3869 675 3912 ne
691 3868 837 3931 unquam
860 3845 1066 3912 obdormiam
1082 3844 1116 3909 in
1132 3842 1262 3909 moritu

142 4041 146 4065 ¹
163 4038 195 4076 Ρι.
207 4035 258 4077 lxix.
268 4049 288 4076 a.
452 4033 461 4062 ¹
476 4032 511 4074 Pr.
521 4031 552 4091 iil.
562 4046 582 4083 7.
707 4031 717 4059 ⁸
731 4031 765 4073 Pr.
775 4029 804 4091 tr.
815 4045 834 4071 ι.
980 4031 990 4058 ⁴
1004 4028 1039 4070 Pa.
1048 4041 1070 4090 v:
1080 4043 1099 4071 ι.
1195 4026 1204 4056 ¹
1218 4025 1256 4069 Pu.
1267 4038 1293 4088 ν..
1312 4055 1317 4068 .

139 4097 147 4110 ¹<
164 4088 195 4128 Ρι.
208 4100 234 4127 vr.
247 4100 264 4127 ι.
454 4083 464 4113 ⁷
479 4083 514 4124 Pa.
524 4095 553 4143 igr.
563 4097 582 4135 ³·
709 4082 718 4110 ⁸
733 4082 769 4123 Ρι.
779 4094 836 4131 ιιι-4.
979 4079 990 4108 ’
1006 4080 1107 4140 Ρινιῧς.
1195 4076 1213 4107 ¹⁸
1227 4076 1262 4121 Pe.
1319 4091 1338 4119 s.

140 4141 158 4218 ιζ
172 4138 208 4231 g:
216 4135 254 4230 :Kiii¹
264 4151 285 4239 ³³·
453 4132 472 4214 ¹¹2
484 4132 520 4226 g:
529 4145 602 4234 giis.
710 4131 728 4162 ¹³
742 4132 777 4174 Pr.
787 4129 816 4172 xl.
827 4145 846 4172 a.
977 4128 996 4159 ¹⁴
1008 4129 1044 4172 ee
1054 4141 1092 4172 au.
1102 4142 1120 4171 ι.
1192 4126 1212 4157 ’¹
1226 4126 1264 4171 er.
1272 4124 1311 4171 xil.
1320 4140 1341 4170 s.
