3052 5220
149 113 192 168 ¹46
367 115 579 162 ORATIONES
596 116 822 163 EXCERI'TAE
843 115 893 162 DE
911 113 1124 162 I'SALTERIO.

151 273 195 360 T]
239 276 363 342 Dilicta
377 278 560 343 iuuentutis
577 299 659 343 meae

173 376 217 442 70
238 373 271 427 et
288 365 489 448 ignorantias
505 384 596 429 meas
612 385 654 430 ne
670 364 856 429 memineris

239 449 430 516 Secundum
447 452 702 517 misericordiam
718 462 810 517 tuam
827 458 996 516 memento
1011 451 1076 516 mei
1090 460 1128 517 tu

238 547 373 622 propter
386 539 570 605 bonitatem
586 547 677 605 tuam
694 539 839 603 domine¹

241 624 377 708 Propter
392 646 513 691 nornen
527 638 622 692 tuum
638 627 771 691 domine
787 625 1015 711 propitiaueris
1030 633 1169 711 peccato
1183 645 1262 693 meo

240 714 381 778 multum
397 725 449 779 est
464 715 566 779 enim¹

173 812 212 878 75
239 799 382 884 Respice
397 802 429 864 in
446 821 499 865 me
515 812 548 866 et
564 802 732 865 misserere
748 800 812 865 mei

238 888 317 969 quia
332 889 447 952 unicus
462 898 495 954 et
512 908 637 974 pauper
650 908 724 952 sum
740 888 816 971 ego⁸

238 973 482 1040 Tribulationes
497 975 603 1040 cordis
619 975 682 1039 mei
700 974 926 1060 multiplicatae
942 984 1020 1039 sunt

239 1061 281 1125 de
298 1063 549 1128 necessitatibus
565 1063 646 1128 meis
662 1082 738 1127 erue
755 1065 821 1127 me⁴

242 1147 331 1213 Uide
346 1150 566 1215 humilitatem
584 1171 693 1215 meam
709 1158 742 1215 et
758 1150 902 1215 laborem
919 1168 1030 1214 meum

175 1237 218 1301 80
239 1247 273 1300 et
288 1237 428 1301 demitte
444 1239 596 1302 uniuersa
611 1238 731 1302 delicta
747 1238 834 1302 mea⁸

238 1323 381 1408 Respice
397 1325 546 1389 inimicos
562 1345 653 1389 meos
668 1326 824 1409 quoniam
842 1323 1048 1410 multiplicati
1063 1331 1141 1389 sunt

239 1420 273 1474 et
288 1410 366 1475 odio
381 1412 494 1494 iniquo
508 1430 584 1475 erue
600 1413 666 1475 me·

239 1496 378 1562 Custodi
394 1498 540 1562 animam
557 1518 664 1562 meam
682 1508 714 1562 et
731 1518 808 1562 erue
823 1518 877 1562 me

239 1603 304 1646 non
319 1584 511 1650 erubescam
527 1585 683 1667 quoniam
699 1585 828 1669 speraui
844 1585 878 1650 in
893 1587 939 1649 ter

174 1669 212 1747 85
239 1668 292 1733 Ne
308 1670 426 1755 perdas
440 1690 517 1735 cum
533 1672 643 1754 impiis
659 1673 806 1736 animam
824 1673 946 1736 meam⁸

240 1755 381 1821 Redime
399 1776 452 1821 me
467 1758 603 1821 domine
613 1763 653 1822 'et
669 1759 823 1822 miserere
842 1759 921 1822 mei‘

241 1841 352 1907 Unam
369 1844 471 1925 petiui
488 1864 508 1906 a
523 1845 659 1909 domino
674 1844 758 1908 hanc
775 1845 937 1928 requiram

237 1939 274 1993 ut
290 1929 470 1995 inhabitem
487 1931 519 1993 in
535 1930 636 1995 domu
653 1930 778 1995 domini
793 1931 948 2016 omnibus
963 1929 1080 1997 diebus
1096 1930 1176 1997 uitae
1191 1950 1278 1997 meae

238 2015 288 2081 Ut
304 2016 435 2081 uideam
452 2017 657 2081 uoluntatem
674 2017 799 2082 domini

172 2117 216 2182 90
237 2112 271 2166 et
286 2103 435 2168 uissitem
451 2103 613 2187 templum
630 2113 782 2168 sanctum
797 2103 894 2168 eius¹⁰

239 2189 373 2254 Exaudi
390 2190 523 2255 domine
539 2211 653 2254 uocem
672 2211 780 2256 meam
796 2210 863 2275 qua
878 2190 1019 2255 clamaui
1036 2190 1079 2256 ad
1095 2199 1129 2256 te

239 2277 391 2341 miserere
408 2279 471 2341 mei
488 2286 521 2341 et
537 2278 659 2342 exaudi
676 2279 754 2341 me¹¹

237 2364 313 2429 Tibi
330 2365 416 2429 dixit
432 2385 486 2429 cor
502 2385 612 2430 meum
629 2365 828 2448 exquissiuit
843 2364 942 2429 iacies
959 2385 1041 2432 mea⁴

238 2449 354 2516 faciem
371 2461 462 2517 tuam
480 2453 612 2516 domine
627 2454 815 2537 requiram¹¹

173 2550 212 2618 95
240 2538 292 2603 Ne
307 2551 436 2606 auertas
452 2540 569 2604 faciem
585 2551 677 2604 tuam
694 2562 714 2604 a
731 2561 784 2605 me

239 2646 299 2690 nec
314 2628 457 2693 declines
470 2629 502 2692 in
519 2630 565 2692 ira
581 2650 600 2693 a
615 2649 709 2692 servo
724 2638 782 2692 tuo

239 2713 384 2779 Adiutor
399 2737 491 2781 meus
506 2726 580 2780 esto
595 2737 635 2779 ne
651 2717 857 2799 derelinquas
874 2735 928 2779 me

239 2820 344 2885 neque
360 2804 514 2888 dispicias
530 2824 583 2868 me
599 2805 680 2868 deus
695 2803 846 2868 salutaris
862 2803 982 2868 meus¹⁸

241 2887 407 2970 Quoniam
424 2901 518 2975 pater
534 2912 626 2955 meus
642 2901 676 2955 et
693 2901 798 2956 mater
814 2911 888 2979 mea
903 2889 1146 2973 dereliquerunt
1161 2909 1215 2955 me

157 2990 218 3039 100
240 2977 394 3042 dominus
410 2988 521 3042 autern
538 2980 718 3062 assumpsit
733 2979 811 3042 me¹⁴
1280 3048 1284 3060 ,

237 3062 375 3147 lLegem
392 3084 478 3150 pone
494 3065 574 3129 mihi
590 3066 723 3129 domine
739 3066 771 3129 in
787 3066 842 3129 uia
856 3074 915 3130 tua
1202 3058 1273 3150 [sol.
1292 3079 1345 3144 24

239 3160 273 3213 et
288 3150 392 3234 dirige
408 3171 462 3216 me
477 3153 510 3215 in
526 3154 646 3217 semita
661 3162 749 3217 recta
765 3161 897 3236 propter
912 3149 1062 3215 inimicos
1077 3148 1195 3214 meos¹⁸

240 3236 294 3300 Ne
308 3238 481 3303 tradideris
497 3259 551 3302 me
567 3240 599 3302 in
615 3239 742 3303 animas
758 3235 1010 3303 tribulantium²⁸

239 3323 296 3387 Ad
312 3334 346 3388 te
360 3325 494 3389 domine
510 3326 661 3390 clamabo
676 3327 757 3389 deus
774 3344 866 3390 meus
882 3344 923 3389 ne
938 3323 1035 3388 sileas
1050 3342 1071 3391 a
1086 3340 1139 3386 me
1225 3386 1228 3391 .

156 3419 212 3487 105
240 3429 280 3472 ne
295 3412 431 3493 quando
446 3422 556 3476 taceas
572 3432 592 3475 a
608 3431 661 3476 me
953 3436 959 3455 ⁷

237 3507 270 3560 et
285 3496 486 3563 asimulabor
500 3498 767 3565 discendentibus
784 3498 817 3563 in
832 3497 965 3563 lacum¹'
1138 3559 1142 3567 .

237 3583 372 3648 Exaudi
389 3604 505 3650 uocem
521 3586 760 3670 deprecationis
777 3605 860 3650 meae
876 3585 956 3650 dum
972 3603 1031 3648 oro
1046 3580 1090 3647 ad
1102 3590 1136 3647 te

234 3670 315 3734 dum
332 3671 458 3737 extollo
474 3692 592 3737 manus
609 3693 699 3737 meas
715 3674 757 3738 ad
773 3672 934 3758 templum
951 3678 1102 3736 sanctum
1117 3668 1239 3734 tuum¹⁸

127 3926 134 3935 ,
199 3883 234 3937 99
252 3868 793 3945 derelinqueruntTdereliqueruntT*
859 3887 906 3940 ιο]
925 3873 1018 3929 dum.
1038 3912 1046 3927 .
1065 3869 1347 3947 ..temTinaU

183 4014 190 4044 Ι
205 4013 239 4056 ἢ·
250 4013 307 4056 niv·
317 4028 337 4065 7·
505 4015 515 4044 Ι
529 4016 563 4059 ἢ·
574 4016 632 4059 niv·
644 4032 674 4059 11·
841 4018 851 4048 Ι
864 4018 900 4061 Pl·
911 4016 972 4060 mv·
983 4018 1013 4060 1⁶·
1176 4016 1187 4047 ι
1199 4015 1236 4059 ὴ
1244 4011 1303 4059 dv·
1314 4028 1348 4065 17·

145 4066 154 4093 ⁸
169 4065 203 4106 Pa.
213 4064 271 4107 xxiv.
282 4067 313 4109 ιθ.
413 4065 424 4094 ⁸
438 4065 472 4109 Pu.
483 4065 541 4109 xxiv.
552 4081 582 4120 ιφ.
666 4068 677 4099 ²
690 4068 725 4110 1³³.
736 4066 793 4110 xxiv.
803 4083 835 4111 ιο.
918 4068 929 4097 ⁸
941 4067 977 4111 h
986 4080 1036 4111 xxv.
1045 4080 1065 4122 9.
1174 4064 1186 4095 ⁹
1197 4064 1235 4109 ὴ
1242 4078 1294 4108 m·
1306 4078 1336 4109 n.

145 4116 162 4144 ¹⁰
177 4116 211 4157 Ρι.
221 4114 278 4159 xxvi.
288 4133 307 4169 ⁴·
403 4117 420 4146 ¹¹
434 4116 470 4159 Pr.
479 4117 537 4160 xxvi.
547 4132 566 4169 7.
661 4118 679 4147 ¹⁸
693 4119 726 4160 Pe
737 4116 823 4162 xxm.
913 4119 930 4149 ¹¹
944 4117 979 4161 1¹⁸.
989 4116 1076 4173 nubo.
1166 4116 1185 4147 ²⁴
1197 4115 1233 4160 ὴ
1242 4113 1302 4159 xxvi.
1313 4129 1347 4160 ao.

143 4166 159 4196 ¹¹
174 4166 208 4210 Ps.
218 4166 277 4210 xxvi.
290 4182 319 4210 rr.
403 4167 420 4197 ¹⁴
434 4167 468 4210 Pa
478 4167 536 4210 xxvi.
548 4183 577 4211 rs.
661 4169 679 4199 ¹⁷
693 4169 728 4212 Pe.
738 4167 803 4212 xxvii
814 4184 831 4212 r.
909 4169 927 4200 ¹⁸
940 4169 975 4213 Pu.
985 4167 1050 4213 mit
1060 4182 1079 4211 s.
