3052 5220
430 667 648 721 panormo
662 667 712 719 m
725 665 950 731 Qurconoue
969 665 1076 731 uuir.
1308 675 1357 730 ειη

387 1140 628 1242 [Perusino
655 1166 695 1218 ru
726 1144 962 1236 Quicunque
991 1141 1120 1244 uuaz]

156 1357 195 1443 F]
216 1361 316 1422 Senad
330 1361 415 1422 Nece
430 1361 555 1423 doronai
571 1363 602 1422 in
616 1361 697 1424 n-iris
711 1361 848 1425 cathoilc.
892 1363 975 1425 Ocus
985 1360 1021 1423 tri
1032 1362 1154 1440 epscoip
1168 1360 1222 1423 dib
1236 1377 1357 1422 namma

217 1442 343 1504 doronai
371 1443 402 1503 hi
426 1442 453 1503 ,ἱ
480 1443 631 1505 Eusebius
653 1457 683 1506 et
706 1444 877 1507 Dionissius
900 1456 930 1506 et
955 1462 1067 1506 nomen
1095 1443 1172 1505 tertii
1195 1443 1354 1504 nescimus.

219 1524 298 1583 Act!
309 1524 425 1584 arberar
437 1524 520 1585 conid
534 1525 573 1586 he
595 1523 625 1585 in
647 1526 741 1589 senad
762 1525 822 1588 uile
842 1526 968 1588 doronai
982 1544 1014 1586 ar
1028 1526 1053 1586 is
1067 1526 1106 1586 he
1124 1522 1354 1614 roserdarcaig.

220 1605 257 1665 In
273 1605 302 1664 N
304 1623 376 1665 ecea
390 1624 463 1666 uero
476 1605 550 1666 urbe
565 1606 710 1669 doronad.
754 1608 836 1671 Ocus
850 1609 881 1668 in
896 1605 1036 1669 Bethinia
1049 1616 1099 1667 ata
1113 1605 1144 1666 in
1158 1603 1310 1666 cathir-sin
1320 1621 1354 1681 „t

181 1704 198 1764 5
220 1686 397 1747 cennadach
418 1685 448 1745 in
467 1686 554 1747 Assia
575 1686 632 1748 bic.
675 1692 718 1750 Ar
738 1689 844 1751 dichor
864 1686 939 1750 eirse
960 1686 1027 1749 Airr
1048 1688 1189 1747 immono
1210 1684 1355 1758 doronad,

219 1785 251 1828 ar
265 1767 290 1828 is
303 1769 339 1827 cd
350 1768 541 1829 rotbucsrile
557 1767 640 1831 conid
655 1771 705 1832 mo
726 1782 809 1850 pater
823 1789 914 1848 quam
936 1769 1014 1829 filius
1027 1787 1093 1829 orus
1106 1767 1199 1829 conid
1213 1765 1265 1828 mo
1280 1766 1358 1827 filius

223 1865 313 1926 quam
328 1848 448 1926 spiritus
470 1860 598 1910 sanctus.
642 1852 840 1914 Ro·thinolad
861 1851 928 1912 thra
941 1851 972 1911 in
987 1851 1083 1912 senod
1098 1848 1126 1910 .i.
1142 1859 1192 1911 oct
1213 1850 1358 1927 uepscoip

221 1929 279 1990 dec
287 1949 319 1990 ar
327 1931 363 1991 tri
373 1930 471 1991 cetaib
483 1932 511 1992 ic
521 1930 703 1995 Constantio
717 1953 754 1995 co
765 1934 869 1996 Necea
877 1953 888 2009 5
907 1950 980 1994 ocus
991 1932 1182 1994 foremthetar
1191 1950 1210 1993 a
1219 1918 1360 1993 fortasis

220 2011 281 2089 gud
306 2030 338 2072 ar
359 2031 378 2072 a
399 2011 528 2074 sulbaire
550 2032 587 2075 co
614 2003 799 2094 ro·iomaslig
820 2014 888 2076 Dia.
932 2015 1044 2076 Exiens
1065 2014 1146 2075 enim
1167 2014 1206 2076 de
1225 2009 1306 2074 coitu
1327 2022 1360 2074 ut

163 2112 200 2153 10
222 2105 359 2171 purgaret
374 2107 510 2156 uentrem
530 2114 628 2172 suum,
643 2098 670 2159 ei
692 2096 816 2177 contigit
837 2109 870 2158 ut
891 2097 993 2159 omnia
1011 2096 1126 2159 uiscera
1145 2113 1216 2158 cum
1230 2105 1360 2158 stercore

221 2176 299 2236 iores
316 2174 420 2249 eirent‚
435 2187 469 2238 ut
484 2177 569 2240 Iudae
583 2191 674 2258 atque
688 2177 820 2259 Agitosel
833 2180 965 2257 contigit

439 2742 634 2843 [Hruuus
667 2746 904 2837 Qorcunoua
945 2742 1086 2845 Uurz]

163 2949 207 3041 F]
230 2953 481 3125 QUicunque
496 2956 568 3023 uult
583 2957 694 3022 saluus
709 2977 782 3023 esse
796 2968 874 3024 ante
889 2960 1003 3024 omnia
1017 2979 1103 3044 opus
1117 2968 1168 3023 est
1183 2958 1213 3023 ei

347 3051 384 3106 ut
400 3052 512 3108 teneat
527 3044 725 3109 catholicam
742 3042 842 3110 fidem

230 3125 344 3211 Quam
360 3130 422 3194 nisi
438 3131 580 3214 quisque
595 3131 760 3215 integram
776 3131 1037 3216 inuiolatamque
1052 3130 1234 3197 seruauerit

229 3216 356 3299 absque
371 3215 474 3282 dubio
489 3217 522 3281 in
538 3226 700 3282 aetemum
715 3218 837 3302 peribit

190 3317 206 3383 5
231 3302 333 3367 Fides
347 3313 460 3368 autem
476 3303 642 3369 catholica
656 3303 739 3370 haec
754 3314 806 3371 est

230 3400 267 3455 ut
284 3409 386 3455 unum
403 3391 502 3455 deum
520 3391 553 3454 in
569 3391 717 3456 trinitate
732 3402 765 3457 et
781 3390 963 3457 trinitatem
979 3391 1012 3456 in
1029 3391 1156 3457 unitate
1170 3410 1366 3456 ueneremur

231 3476 351 3560 Neque
365 3477 606 3542 confundentes
622 3497 780 3562 personas
799 3498 908 3629 nerkue
930 3478 1149 3544 substantiam
1172 3488 1365 3562 separantes

234 3564 312 3629 Alia
327 3574 378 3629 est
394 3566 482 3629 enim
498 3585 640 3649 persona
654 3565 757 3648 patris
772 3564 837 3631 alia
875 3565 909 3629 lii
924 3565 989 3629 alia
1000 3565 1136 3651 spiritus
1150 3564 1256 3630 sancti

233 3650 301 3718 Sed
317 3652 420 3735 patris
436 3662 469 3718 et
485 3650 542 3716 filii
557 3660 591 3717 et
606 3653 740 3736 spiritus
755 3652 860 3719 sancti
876 3672 942 3718 una
956 3663 1009 3720 est
1023 3653 1181 3718 diuinitas

172 3754 211 3804 10
233 3738 370 3822 aequalis
385 3740 489 3824 gloria
504 3749 659 3803 coeterna
673 3739 830 3805 maiestas

233 3824 352 3910 Qualis
368 3835 462 3909 pater
476 3826 551 3890 talis
567 3824 653 3890 filius
669 3826 745 3891 talis
760 3836 794 3891 et
809 3825 943 3911 spiritus
958 3836 1095 3892 sanctus

235 3911 407 3977 Increatus
423 3922 517 3997 pater
532 3915 698 3977 increatus
714 3912 801 3978 filius
816 3915 981 3979 increatus
996 3926 1030 3979 et
1045 3913 1180 3998 spiritus
1195 3922 1329 3979 sanctus

236 3998 424 4065 immensus
439 4011 534 4084 pater
549 4001 731 4064 immensus
748 3998 833 4065 filius
848 4001 1030 4066 immensus
1038 4013 1072 4066 et
1084 4001 1217 4085 spiritus
1231 4009 1366 4064 sanctus

234 4085 394 4151 AEtcmus
408 4097 503 4171 pater
517 4097 660 4151 aeternus
676 4084 761 4152 filius
776 4097 919 4153 aetemus
933 4098 968 4153 et
983 4087 1117 4172 spiritus
1132 4097 1266 4153 sanctus

174 4186 209 4254 15
237 4173 282 4238 Et
298 4184 411 4239 tamen
428 4194 495 4239 non
511 4174 569 4238 tris
584 4174 698 4238 aeterni
715 4172 874 4239 sedunus
890 4183 1033 4240 aeternus

235 4258 329 4326 Sicut
345 4280 411 4325 non
427 4262 487 4326 tris
502 4261 638 4326 increati
653 4281 714 4325 nec
729 4261 789 4326 tris
804 4261 957 4326 immensi

236 4349 294 4411 sed
311 4368 395 4413 unus
411 4349 575 4414 increatus
590 4358 625 4415 et
640 4367 724 4413 unus
739 4349 921 4414 immensus

236 4434 396 4502 Similiter
409 4437 621 4520 omnipotens
637 4444 732 4520 pater
746 4436 959 4521 omnipotens
971 4434 1057 4501 filius

235 4523 448 4608 omnipotens
463 4534 497 4589 et
511 4524 646 4608 spiritus
660 4533 796 4588 sanctus

171 4624 214 4676 20
236 4610 283 4675 Et
297 4621 410 4675 tamen
427 4632 493 4675 non
509 4612 568 4676 tris
583 4612 830 4696 omnipotentes
845 4611 903 4676 scd
920 4631 1004 4676 unus
1019 4610 1232 4694 omnipotens

234 4696 305 4783 llta
320 4698 402 4764 deus
417 4709 513 4783 pater
528 4699 610 4764 deus
626 4698 712 4764 filius
727 4698 808 4764 deus
823 4708 857 4764 et
873 4699 1009 4783 spiritus
1023 4710 1158 4763 sanctus
1233 4691 1302 4781 [iol.
1320 4708 1370 4775 23.
