<?xml version="1.0" encoding="UTF-8"?>
<!DOCTYPE html PUBLIC "-//W3C//DTD XHTML 1.0 Transitional//EN"
    "http://www.w3.org/TR/xhtml1/DTD/xhtml1-transitional.dtd">
<html xmlns="http://www.w3.org/1999/xhtml" xml:lang="en" lang="en">
 <head>
  <title>
</title>
<meta http-equiv="Content-Type" content="text/html;charset=utf-8" />
  <meta name='ocr-system' content='tesseract 3.04.00' />
  <meta name='ocr-capabilities' content='ocr_page ocr_carea ocr_par ocr_line ocrx_word'/>
</head>
<body>
  <div class='ocr_page' id='page_1' title='image "./irishliberhymno01churgoog_0071.png"; bbox 0 0 2886 5190; ppageno 0'>
   <div class='ocr_carea' id='block_1_1' title="bbox 179 601 959 669">
    <p class='ocr_par' dir='ltr' id='par_1_1' title="bbox 179 601 959 669">
     <span class='ocr_line' id='line_1_1' title="bbox 179 601 959 669; baseline -0.005 -11"><span class='ocrx_word' id='word_1_1' title='bbox 179 619 211 667; x_wconf 78' lang='lat'>24</span> <span class='ocrx_word' id='word_1_2' title='bbox 539 603 706 664; x_wconf 72' lang='lat' dir='ltr'><em>HYMNUS</em></span> <span class='ocrx_word' id='word_1_3' title='bbox 719 603 747 669; x_wconf 72' lang='lat' dir='ltr'>S.</span> <span class='ocrx_word' id='word_1_4' title='bbox 767 601 959 657; x_wconf 76' lang='lat' dir='ltr'><em>MUGINYII.</em></span> 
     </span>
    </p>
   </div>
   <div class='ocr_carea' id='block_1_2' title="bbox 181 768 1388 949">
    <p class='ocr_par' dir='ltr' id='par_1_2' title="bbox 181 768 1388 949">
     <span class='ocr_line' id='line_1_2' title="bbox 181 768 1388 872; baseline -0.003 -25"><span class='ocrx_word' id='word_1_5' title='bbox 181 771 234 872; x_wconf 88' lang='lat' dir='ltr'>T]</span> <span class='ocrx_word' id='word_1_6' title='bbox 260 771 415 872; x_wconf 89' lang='lat' dir='ltr'>Exurge</span> <span class='ocrx_word' id='word_1_7' title='bbox 446 771 597 848; x_wconf 90' lang='lat' dir='ltr'>domine</span> <span class='ocrx_word' id='word_1_8' title='bbox 633 771 770 847; x_wconf 88' lang='lat' dir='ltr'>adiuua</span> <span class='ocrx_word' id='word_1_9' title='bbox 800 795 869 846; x_wconf 92' lang='lat' dir='ltr'>nos</span> <span class='ocrx_word' id='word_1_10' title='bbox 899 789 938 846; x_wconf 90' lang='lat' dir='ltr'>et</span> <span class='ocrx_word' id='word_1_11' title='bbox 965 768 1107 845; x_wconf 88' lang='lat' dir='ltr'>redime</span> <span class='ocrx_word' id='word_1_12' title='bbox 1135 793 1204 845; x_wconf 89' lang='lat' dir='ltr'>nos</span> <span class='ocrx_word' id='word_1_13' title='bbox 1234 784 1388 868; x_wconf 89' lang='lat' dir='ltr'>propter</span> 
     </span>
     <span class='ocr_line' id='line_1_3' title="bbox 259 893 519 949; baseline 0 -1"><span class='ocrx_word' id='word_1_14' title='bbox 259 899 396 949; x_wconf 86' lang='lat' dir='ltr'>nomen</span> <span class='ocrx_word' id='word_1_15' title='bbox 415 893 519 949; x_wconf 88' lang='lat' dir='ltr'>tuum</span> 
     </span>
    </p>
   </div>
   <div class='ocr_carea' id='block_1_3' title="bbox 190 1095 1232 1580">
    <p class='ocr_par' dir='ltr' id='par_1_3' title="bbox 190 1095 1232 1580">
     <span class='ocr_line' id='line_1_4' title="bbox 190 1095 974 1182; baseline 0 -22"><span class='ocrx_word' id='word_1_16' title='bbox 190 1115 200 1160; x_wconf 89' lang='lat'>1</span> <span class='ocrx_word' id='word_1_17' title='bbox 492 1099 593 1164; x_wconf 81' lang='lat' dir='ltr'>Parce</span> <span class='ocrx_word' id='word_1_18' title='bbox 608 1096 743 1162; x_wconf 86' lang='lat' dir='ltr'>dominc</span> <span class='ocrx_word' id='word_1_19' title='bbox 758 1095 974 1182; x_wconf 83' lang='lat' dir='ltr'>peccantibus</span> 
     </span>
     <span class='ocr_line' id='line_1_5' title="bbox 490 1194 978 1282; baseline -0.008 -20"><span class='ocrx_word' id='word_1_20' title='bbox 490 1197 625 1282; x_wconf 84' lang='lat' dir='ltr'>ignosce</span> <span class='ocrx_word' id='word_1_21' title='bbox 643 1194 869 1282; x_wconf 84' lang='lat' dir='ltr'>penitentibus</span> <span class='ocrx_word' id='word_1_22' title='bbox 976 1203 978 1207; x_wconf 79' lang='grc'>’</span> 
     </span>
     <span class='ocr_line' id='line_1_6' title="bbox 493 1293 1018 1380; baseline -0.01 -18"><span class='ocrx_word' id='word_1_23' title='bbox 493 1297 647 1362; x_wconf 85' lang='lat' dir='ltr'>miserere</span> <span class='ocrx_word' id='word_1_24' title='bbox 663 1295 759 1361; x_wconf 90' lang='lat' dir='ltr'>nobis</span> <span class='ocrx_word' id='word_1_25' title='bbox 773 1304 808 1360; x_wconf 90' lang='lat' dir='ltr'>te</span> <span class='ocrx_word' id='word_1_26' title='bbox 822 1293 1018 1380; x_wconf 82' lang='lat' dir='ltr'>rogantibus</span> 
     </span>
     <span class='ocr_line' id='line_1_7' title="bbox 492 1393 951 1462; baseline -0.002 -1"><span class='ocrx_word' id='word_1_27' title='bbox 492 1394 639 1462; x_wconf 86' lang='lat' dir='ltr'>saluator</span> <span class='ocrx_word' id='word_1_28' title='bbox 652 1395 803 1460; x_wconf 86' lang='lat' dir='ltr'>omniurn</span> <span class='ocrx_word' id='word_1_29' title='bbox 820 1393 951 1462; x_wconf 81' lang='lat' dir='ltr'>Christe</span> 
     </span>
     <span class='ocr_line' id='line_1_8' title="bbox 191 1486 1232 1580; baseline -0.003 -18"><span class='ocrx_word' id='word_1_30' title='bbox 191 1510 205 1576; x_wconf 85' lang='grc'><strong>5</strong></span> <span class='ocrx_word' id='word_1_31' title='bbox 493 1497 619 1580; x_wconf 87' lang='lat' dir='ltr'>respice</span> <span class='ocrx_word' id='word_1_32' title='bbox 634 1496 667 1560; x_wconf 93' lang='lat' dir='ltr'>in</span> <span class='ocrx_word' id='word_1_33' title='bbox 684 1515 745 1560; x_wconf 92' lang='lat' dir='ltr'>nos</span> <span class='ocrx_word' id='word_1_34' title='bbox 763 1495 838 1560; x_wconf 89' lang='lat' dir='ltr'>lesu</span> <span class='ocrx_word' id='word_1_35' title='bbox 853 1503 888 1561; x_wconf 90' lang='lat' dir='ltr'>et</span> <span class='ocrx_word' id='word_1_36' title='bbox 903 1486 1065 1560; x_wconf 80' lang='lat' dir='ltr'>miserere</span> <span class='ocrx_word' id='word_1_37' title='bbox 1111 1490 1232 1559; x_wconf 83' lang='lat' dir='ltr'>Amen.</span> 
     </span>
    </p>
   </div>
   <div class='ocr_carea' id='block_1_4' title="bbox 227 1727 849 1872">
    <p class='ocr_par' dir='ltr' id='par_1_4' title="bbox 227 1727 849 1872">
     <span class='ocr_line' id='line_1_9' title="bbox 227 1727 787 1802; baseline 0.002 -17"><span class='ocrx_word' id='word_1_38' title='bbox 227 1727 262 1801; x_wconf 87' lang='lat' dir='ltr'>F]</span> <span class='ocrx_word' id='word_1_39' title='bbox 299 1731 334 1786; x_wconf 82' lang='lat'>2⁶</span> <span class='ocrx_word' id='word_1_40' title='bbox 351 1730 415 1786; x_wconf 67' lang='lat' dir='ltr'>add</span> <span class='ocrx_word' id='word_1_41' title='bbox 429 1730 557 1802; x_wconf 68' lang='lat' dir='ltr'>infirma</span> <span class='ocrx_word' id='word_1_42' title='bbox 571 1731 659 1788; x_wconf 86' lang='lat' dir='ltr'>Parce</span> <span class='ocrx_word' id='word_1_43' title='bbox 672 1728 787 1786; x_wconf 86' lang='lat' dir='ltr'>domine</span> 
     </span>
     <span class='ocr_line' id='line_1_10' title="bbox 244 1799 849 1872; baseline 0.002 -17"><span class='ocrx_word' id='word_1_44' title='bbox 244 1816 331 1871; x_wconf 85' lang='lat' dir='ltr'>3onr.</span> <span class='ocrx_word' id='word_1_45' title='bbox 345 1800 428 1857; x_wconf 85' lang='lat' dir='ltr'>nobis</span> <span class='ocrx_word' id='word_1_46' title='bbox 536 1815 622 1872; x_wconf 72' lang='lat' dir='ltr'>sorr.</span> <span class='ocrx_word' id='word_1_47' title='bbox 635 1799 663 1857; x_wconf 87' lang='lat' dir='ltr'>iu</span> <span class='ocrx_word' id='word_1_48' title='bbox 699 1818 752 1857; x_wconf 82' lang='lat' dir='ltr'>om.</span> <span class='ocrx_word' id='word_1_49' title='bbox 765 1816 849 1857; x_wconf 83' lang='lat' dir='ltr'>amen</span> 
     </span>
    </p>
   </div>
   <div class='ocr_carea' id='block_1_5' title="bbox 252 2445 1395 2692">
    <p class='ocr_par' dir='ltr' id='par_1_5' title="bbox 252 2445 1395 2692">
     <span class='ocr_line' id='line_1_11' title="bbox 725 2445 855 2533; baseline 0 -21"><span class='ocrx_word' id='word_1_50' title='bbox 725 2445 855 2533; x_wconf 65' lang='lat' dir='ltr'>[Nora]</span> 
     </span>
     <span class='ocr_line' id='line_1_12' title="bbox 252 2528 1243 2626; baseline 0.002 -36"><span class='ocrx_word' id='word_1_51' title='bbox 252 2528 293 2613; x_wconf 86' lang='grc' dir='ltr'>Τ]</span> <span class='ocrx_word' id='word_1_52' title='bbox 322 2532 371 2592; x_wconf 83' lang='lat' dir='ltr'>iol.</span> <span class='ocrx_word' id='word_1_53' title='bbox 388 2530 429 2605; x_wconf 64' lang='lat' dir='ltr'>rb</span> <span class='ocrx_word' id='word_1_54' title='bbox 443 2533 475 2593; x_wconf 71' lang='grc' dir='ltr'>ἐκ</span> <span class='ocrx_word' id='word_1_55' title='bbox 493 2542 556 2626; x_wconf 72' lang='lat' dir='ltr'>sup.</span> <span class='ocrx_word' id='word_1_56' title='bbox 571 2551 663 2610; x_wconf 68' lang='lat' dir='ltr'>marga</span> <span class='ocrx_word' id='word_1_57' title='bbox 745 2615 751 2626; x_wconf 36' lang='lat'><strong>·</strong></span> <span class='ocrx_word' id='word_1_58' title='bbox 1236 2609 1243 2624; x_wconf 37' lang='lat'>⁸</span> 
     </span>
     <span class='ocr_line' id='line_1_13' title="bbox 354 2612 1395 2692; baseline -0.001 -18"><span class='ocrx_word' id='word_1_59' title='bbox 354 2658 361 2674; x_wconf 91' lang='lat'><strong>.</strong></span> <span class='ocrx_word' id='word_1_60' title='bbox 405 2655 414 2674; x_wconf 89' lang='lat'><strong>.</strong></span> <span class='ocrx_word' id='word_1_61' title='bbox 456 2614 648 2692; x_wconf 87' lang='lat' dir='ltr'>inspuatione</span> <span class='ocrx_word' id='word_1_62' title='bbox 692 2612 765 2675; x_wconf 73' lang='lat' dir='ltr'>abiit</span> <span class='ocrx_word' id='word_1_63' title='bbox 807 2657 1169 2674; x_wconf 90' lang='grc'><strong>........</strong></span> <span class='ocrx_word' id='word_1_64' title='bbox 1213 2612 1263 2674; x_wconf 86' lang='lat' dir='ltr'>dre</span> <span class='ocrx_word' id='word_1_65' title='bbox 1307 2630 1395 2674; x_wconf 83' lang='lat' dir='ltr'>secus</span> 
     </span>
    </p>
   </div>
   <div class='ocr_carea' id='block_1_6' title="bbox 191 2690 1397 3165">
    <p class='ocr_par' dir='ltr' id='par_1_6' title="bbox 191 2690 1397 3165">
     <span class='ocr_line' id='line_1_14' title="bbox 192 2690 1396 2775; baseline 0 -21"><span class='ocrx_word' id='word_1_66' title='bbox 192 2696 401 2773; x_wconf 70' lang='lat' dir='ltr'>Augustianos,</span> <span class='ocrx_word' id='word_1_67' title='bbox 416 2696 469 2775; x_wconf 91' lang='lat' dir='ltr'>qui</span> <span class='ocrx_word' id='word_1_68' title='bbox 483 2695 549 2756; x_wconf 90' lang='lat' dir='ltr'>uult</span> <span class='ocrx_word' id='word_1_69' title='bbox 590 2740 597 2756; x_wconf 92' lang='lat'><strong>.</strong></span> <span class='ocrx_word' id='word_1_70' title='bbox 641 2741 648 2756; x_wconf 91' lang='lat'><strong>.</strong></span> <span class='ocrx_word' id='word_1_71' title='bbox 691 2695 820 2756; x_wconf 85' lang='lat' dir='ltr'>inomni</span> <span class='ocrx_word' id='word_1_72' title='bbox 862 2739 869 2754; x_wconf 87' lang='lat'><em>.</em></span> <span class='ocrx_word' id='word_1_73' title='bbox 913 2740 921 2755; x_wconf 84' lang='lat'><strong>.</strong></span> <span class='ocrx_word' id='word_1_74' title='bbox 965 2740 972 2755; x_wconf 86' lang='lat'><strong>.</strong></span> <span class='ocrx_word' id='word_1_75' title='bbox 1013 2694 1098 2772; x_wconf 89' lang='lat' dir='ltr'>quod</span> <span class='ocrx_word' id='word_1_76' title='bbox 1112 2691 1293 2756; x_wconf 81' lang='lat' dir='ltr'>amatetira</span> <span class='ocrx_word' id='word_1_77' title='bbox 1304 2690 1396 2772; x_wconf 81' lang='lat' dir='ltr'>possi·</span> 
     </span>
     <span class='ocr_line' id='line_1_15' title="bbox 191 2774 1396 2855; baseline 0.002 -20"><span class='ocrx_word' id='word_1_78' title='bbox 191 2787 239 2836; x_wconf 92' lang='lat' dir='ltr'>tus</span> <span class='ocrx_word' id='word_1_79' title='bbox 253 2777 345 2839; x_wconf 90' lang='lat' dir='ltr'>corde</span> <span class='ocrx_word' id='word_1_80' title='bbox 359 2796 429 2837; x_wconf 88' lang='lat' dir='ltr'>cum</span> <span class='ocrx_word' id='word_1_81' title='bbox 452 2776 573 2841; x_wconf 86' lang='lat' dir='ltr'>Christo</span> <span class='ocrx_word' id='word_1_82' title='bbox 594 2775 707 2840; x_wconf 80' lang='lat' dir='ltr'>habitet</span> <span class='ocrx_word' id='word_1_83' title='bbox 749 2824 755 2838; x_wconf 93' lang='lat'>.</span> <span class='ocrx_word' id='word_1_84' title='bbox 799 2823 807 2837; x_wconf 92' lang='lat'><strong>.</strong></span> <span class='ocrx_word' id='word_1_85' title='bbox 849 2777 994 2854; x_wconf 85' lang='lat' dir='ltr'>processit</span> <span class='ocrx_word' id='word_1_86' title='bbox 1014 2785 1105 2855; x_wconf 86' lang='lat' dir='ltr'>caput</span> <span class='ocrx_word' id='word_1_87' title='bbox 1118 2774 1184 2837; x_wconf 84' lang='lat' dir='ltr'>eius</span> <span class='ocrx_word' id='word_1_88' title='bbox 1198 2775 1242 2837; x_wconf 87' lang='lat' dir='ltr'>sic</span> <span class='ocrx_word' id='word_1_89' title='bbox 1255 2774 1396 2839; x_wconf 85' lang='lat' dir='ltr'>Christia-</span> 
     </span>
     <span class='ocr_line' id='line_1_16' title="bbox 191 2856 1396 2938; baseline 0.002 -22"><span class='ocrx_word' id='word_1_90' title='bbox 191 2876 247 2916; x_wconf 90' lang='lat' dir='ltr'>nus</span> <span class='ocrx_word' id='word_1_91' title='bbox 291 2902 297 2917; x_wconf 90' lang='lat'>.</span> <span class='ocrx_word' id='word_1_92' title='bbox 339 2903 346 2919; x_wconf 86' lang='lat'><strong>.</strong></span> <span class='ocrx_word' id='word_1_93' title='bbox 390 2904 397 2919; x_wconf 85' lang='lat'><strong>.</strong></span> <span class='ocrx_word' id='word_1_94' title='bbox 440 2857 578 2938; x_wconf 64' lang='lat' dir='ltr'>prouidit</span> <span class='ocrx_word' id='word_1_95' title='bbox 588 2877 639 2920; x_wconf 93' lang='lat' dir='ltr'>cor</span> <span class='ocrx_word' id='word_1_96' title='bbox 649 2858 714 2921; x_wconf 85' lang='lat' dir='ltr'>eius</span> <span class='ocrx_word' id='word_1_97' title='bbox 727 2858 883 2938; x_wconf 89' lang='lat' dir='ltr'>quomodo</span> <span class='ocrx_word' id='word_1_98' title='bbox 894 2859 925 2920; x_wconf 90' lang='lat' dir='ltr'>in</span> <span class='ocrx_word' id='word_1_99' title='bbox 967 2904 974 2919; x_wconf 91' lang='lat'><strong>.</strong></span> <span class='ocrx_word' id='word_1_100' title='bbox 1017 2903 1025 2919; x_wconf 91' lang='lat'><strong>.</strong></span> <span class='ocrx_word' id='word_1_101' title='bbox 1169 2903 1176 2918; x_wconf 91' lang='lat'><strong>.</strong></span> <span class='ocrx_word' id='word_1_102' title='bbox 1219 2901 1227 2918; x_wconf 83' lang='grc'><strong>.</strong></span> <span class='ocrx_word' id='word_1_103' title='bbox 1269 2902 1277 2917; x_wconf 91' lang='grc'><strong>.</strong></span> <span class='ocrx_word' id='word_1_104' title='bbox 1320 2856 1396 2919; x_wconf 81' lang='lat' dir='ltr'>itura</span> 
     </span>
     <span class='ocr_line' id='line_1_17' title="bbox 193 2937 1397 3018; baseline 0.002 -21"><span class='ocrx_word' id='word_1_105' title='bbox 193 2950 262 2998; x_wconf 88' lang='lat' dir='ltr'>sunt</span> <span class='ocrx_word' id='word_1_106' title='bbox 277 2958 340 3016; x_wconf 87' lang='lat' dir='ltr'>quo</span> <span class='ocrx_word' id='word_1_107' title='bbox 382 2987 388 3000; x_wconf 94' lang='lat'>.</span> <span class='ocrx_word' id='word_1_108' title='bbox 432 2986 439 3001; x_wconf 87' lang='lat'>.</span> <span class='ocrx_word' id='word_1_109' title='bbox 483 2987 490 3000; x_wconf 93' lang='lat'><strong>.</strong></span> <span class='ocrx_word' id='word_1_110' title='bbox 534 2986 541 3000; x_wconf 91' lang='lat'><strong>.</strong></span> <span class='ocrx_word' id='word_1_111' title='bbox 583 2941 627 3000; x_wconf 87' lang='lat' dir='ltr'>sic</span> <span class='ocrx_word' id='word_1_112' title='bbox 641 2951 671 3002; x_wconf 90' lang='lat' dir='ltr'>et</span> <span class='ocrx_word' id='word_1_113' title='bbox 685 2941 794 3002; x_wconf 88' lang='lat' dir='ltr'>carosi</span> <span class='ocrx_word' id='word_1_114' title='bbox 836 2984 1047 3002; x_wconf 91' lang='lat'><strong>.....</strong></span> <span class='ocrx_word' id='word_1_115' title='bbox 1089 2937 1165 3000; x_wconf 81' lang='lat' dir='ltr'>itura</span> <span class='ocrx_word' id='word_1_116' title='bbox 1179 2954 1224 3001; x_wconf 88' lang='lat' dir='ltr'>est</span> <span class='ocrx_word' id='word_1_117' title='bbox 1238 2957 1301 3018; x_wconf 92' lang='lat' dir='ltr'>quo</span> <span class='ocrx_word' id='word_1_118' title='bbox 1315 2956 1397 3000; x_wconf 93' lang='lat' dir='ltr'>nunc</span> 
     </span>
     <span class='ocr_line' id='line_1_18' title="bbox 194 3020 1394 3100; baseline 0.003 -22"><span class='ocrx_word' id='word_1_119' title='bbox 194 3065 200 3078; x_wconf 94' lang='lat'>.</span> <span class='ocrx_word' id='word_1_120' title='bbox 245 3065 252 3079; x_wconf 94' lang='lat'><strong>.</strong></span> <span class='ocrx_word' id='word_1_121' title='bbox 296 3020 426 3082; x_wconf 85' lang='lat' dir='ltr'>hominis</span> <span class='ocrx_word' id='word_1_122' title='bbox 447 3040 550 3082; x_wconf 80' lang='lat' dir='ltr'>carnus</span> <span class='ocrx_word' id='word_1_123' title='bbox 571 3040 642 3100; x_wconf 83' lang='lat' dir='ltr'>ergo</span> <span class='ocrx_word' id='word_1_124' title='bbox 683 3068 689 3082; x_wconf 93' lang='lat'>.</span> <span class='ocrx_word' id='word_1_125' title='bbox 734 3069 741 3084; x_wconf 89' lang='lat'><strong>.</strong></span> <span class='ocrx_word' id='word_1_126' title='bbox 784 3069 792 3082; x_wconf 89' lang='lat'><strong>.</strong></span> <span class='ocrx_word' id='word_1_127' title='bbox 835 3067 842 3082; x_wconf 88' lang='lat'><strong>.</strong></span> <span class='ocrx_word' id='word_1_128' title='bbox 885 3022 924 3083; x_wconf 91' lang='lat' dir='ltr'>de</span> <span class='ocrx_word' id='word_1_129' title='bbox 944 3039 1004 3100; x_wconf 88' lang='lat' dir='ltr'>qua</span> <span class='ocrx_word' id='word_1_130' title='bbox 1045 3065 1256 3082; x_wconf 82' lang='grc'><strong>.....</strong></span> <span class='ocrx_word' id='word_1_131' title='bbox 1299 3030 1394 3082; x_wconf 87' lang='lat' dir='ltr'>totum</span> 
     </span>
     <span class='ocr_line' id='line_1_19' title="bbox 195 3101 668 3165; baseline 0.008 -7"><span class='ocrx_word' id='word_1_132' title='bbox 195 3101 343 3161; x_wconf 87' lang='lat' dir='ltr'>mundum</span> <span class='ocrx_word' id='word_1_133' title='bbox 358 3102 412 3163; x_wconf 89' lang='lat' dir='ltr'>erit</span> <span class='ocrx_word' id='word_1_134' title='bbox 428 3103 518 3165; x_wconf 83' lang='lat' dir='ltr'>aliud.</span> <span class='ocrx_word' id='word_1_135' title='bbox 561 3149 568 3164; x_wconf 91' lang='lat'><strong>.</strong></span> <span class='ocrx_word' id='word_1_136' title='bbox 612 3150 618 3164; x_wconf 91' lang='lat'><strong>.</strong></span> <span class='ocrx_word' id='word_1_137' title='bbox 662 3148 668 3162; x_wconf 89' lang='lat'><em>.</em></span> 
     </span>
    </p>
   </div>
   <div class='ocr_carea' id='block_1_7' title="bbox 0 0 1457 5190">
    <p class='ocr_par' dir='ltr' id='par_1_7' title="bbox 0 0 1457 5190">
     <span class='ocr_line' id='line_1_20' title="bbox 0 0 1457 5190; baseline 0 0"><span class='ocrx_word' id='word_1_138' title='bbox 0 0 1457 5190; x_wconf 95' lang='lat' dir='ltr'> </span> 
     </span>
    </p>
   </div>
  </div>
 </body>
</html>
