3052 5220
573 399 576 407 u

275 436 286 446 ο

303 521 306 530 ι

493 673 748 726 mammo
763 673 790 724 S.
809 671 1004 724 AMBROSII.

377 1202 379 1207 -
448 1146 731 1254 [Lnursnrnrro
769 1149 808 1225 S.
845 1146 1074 1250 Aunnosrr.]

221 1345 269 1435 T]
315 1346 438 1432 Incipit
463 1346 659 1411 lamentatio
691 1344 861 1410 Ambrosii
891 1347 1039 1431 episcopi
1072 1346 1272 1410 Medolaniae
1302 1368 1362 1432 pro

155 1436 224 1500 suis
247 1435 385 1500 delictis.
431 1433 527 1498 Etsi
554 1435 628 1518 quis
659 1454 733 1497 eam
765 1432 1021 1518 frequentauerit
1052 1435 1197 1498 inueniet
1227 1435 1359 1498 ueniam

156 1524 268 1588 delicti
294 1524 355 1597 sui,
381 1522 558 1586 Hironimo
581 1522 721 1600 dicente,
742 1519 774 1585 Ο
798 1521 907 1598 homo,
927 1523 1155 1606 qualecunque
1185 1532 1360 1605 peccatum

156 1611 318 1688 habueris,
334 1630 396 1694 age
420 1610 636 1692 penitentiam
659 1618 693 1672 et
716 1608 828 1674 saluus
851 1611 914 1673 eris
927 1631 935 1689 3
957 1610 1105 1693 quotidie
1128 1609 1217 1674 enim
1241 1609 1360 1674 domus

158 1697 281 1765 Christi
297 1699 330 1763 in
347 1698 573 1782 penitentibus
590 1697 782 1762 instruitur.¹

371 2102 497 2177 Donai
516 2101 667 2176 domine
686 2101 843 2177 sabaoth
856 2103 1094 2199 omnipotens
1113 2120 1253 2176 aeterne
1272 2101 1365 2175 deus

420 2203 494 2278 alte
513 2223 620 2302 pater
637 2201 773 2278 dilecte
792 2201 842 2277 fili
857 2203 942 2303 agie
960 2204 1113 2301 spiritus

264 2307 430 2381 anterior
448 2331 517 2379 nec
536 2324 643 2404 pater
660 2331 825 2403 unquam
845 2307 892 2380 sit
911 2304 987 2379 filio

265 2407 362 2482 lilius
380 2425 505 2482 autem
525 2433 547 2480 a
565 2425 671 2505 patre
690 2432 758 2480 nec
777 2408 962 2504 posterior
980 2427 1016 2482 et
1035 2407 1166 2507 spiritu
1184 2423 1317 2481 sancto

217 2533 237 2607 5
266 2510 417 2607 spiritus
434 2527 521 2582 ante
541 2508 675 2582 saecula
694 2534 810 2583 coeua
827 2509 973 2583 trinitas
1217 2507 1258 2609 [f.
1282 2508 1366 2584 20b.

266 2611 346 2685 sine
359 2610 559 2709 [principio
578 2635 734 2684 manens
749 2629 949 2708 antequam
966 2636 1062 2684 nunc
1081 2630 1118 2685 et
1135 2610 1171 2684 in
1186 2628 1366 2684 aeternum

267 2712 340 2786 heu
359 2712 449 2786 mihi
469 2712 542 2786 heu
562 2711 652 2785 mihi
671 2711 822 2786 domine
840 2712 928 2810 quia
946 2711 1084 2786 malum
1103 2738 1228 2786 coram
1241 2730 1278 2786 te
1297 2712 1366 2786 leci

267 2813 421 2888 domine
439 2839 487 2887 ne
501 2812 739 2912 derelinquas
758 2811 834 2888 me2

268 2914 362 2989 deus
381 2916 418 2988 in
437 2914 661 2989 adiutorium
681 2940 806 2990 meum
825 2912 995 2989 intende⁸

201 3107 246 3159 ro
273 3081 556 3181 Benignissime
575 3102 722 3157 amator
739 3083 957 3180 penitentiae
975 3083 1070 3159 deus

271 3183 445 3257 beniuole
465 3183 554 3256 mihi
574 3185 761 3281 peccatori
779 3203 863 3260 esto
880 3185 1064 3282 propitius

270 3284 392 3358 bonus
409 3308 450 3357 es
469 3300 509 3358 tu
527 3283 679 3358 domine
697 3303 735 3358 et
756 3285 792 3357 in
812 3285 981 3375 bonitate
1001 3303 1064 3358 tua
1083 3284 1176 3359 doce
1196 3309 1257 3358 me

274 3385 479 3458 bonitatem
499 3402 536 3458 et
555 3383 689 3458 discire
707 3404 745 3459 et
763 3386 858 3459 scire
877 3385 973 3460 doce
991 3411 1052 3460 me
1070 3387 1222 3460 domine

272 3485 402 3559 bestiis
422 3510 469 3558 ne
487 3486 613 3559 tradas
631 3485 784 3561 domine
802 3485 961 3561 obsecro
979 3486 1140 3559 animam
1161 3509 1284 3559 meam

202 3608 244 3683 15
272 3580 487 3660 beatissime
507 3586 543 3659 in
564 3586 699 3660 saecula
717 3586 784 3660 tibi
804 3588 958 3660 crimina
985 3585 1226 3660 confitentem

273 3687 346 3760 heu
366 3687 455 3760 mihi
475 3686 547 3760 heu
567 3687 657 3760 mihi
677 3687 830 3763 domine
848 3687 936 3785 quia
955 3687 1093 3761 malum
1113 3712 1238 3761 coram
1251 3704 1289 3760 et
1308 3685 1378 3760 leci

274 3788 426 3863 domine
446 3813 493 3861 ne
512 3805 552 3861 ut
571 3787 608 3860 in
628 3788 698 3862 ira⁴

276 3954 354 4033 Cor
373 3979 497 4028 meum
514 3953 723 4052 putredinis
740 3969 874 4051 patens
892 3971 950 4028 est
969 3950 1179 4050 sepulcrum

275 4080 339 4130 cor
384 4081 509 4129 meum
555 4055 757 4130 tenebrosa
804 4054 952 4128 sussura
993 4054 1224 4152 serpentium
1269 4053 1380 4126 louea

326 4156 491 4255 uolpium

204 4286 252 4337 20
277 4286 340 4335 cor
360 4284 483 4332 meum
502 4256 643 4354 antiqui
662 4256 837 4331 draconis
855 4255 982 4330 infelix
1000 4252 1228 4329 domicilium

275 4386 481 4437 cormeum
500 4358 634 4432 durum
652 4377 690 4432 et
708 4356 895 4455 lapideum
915 4354 1086 4431 mollifica

277 4486 342 4536 cor
359 4460 540 4535 mundum
559 4484 643 4533 crea
662 4460 698 4532 in
719 4484 779 4532 me
800 4457 952 4532 domine

273 4561 439 4637 heuheu
458 4561 531 4635 heu
551 4559 640 4634 mihi
659 4559 813 4635 domine
831 4558 919 4657 quia
937 4556 1089 4656 peccaui
1109 4581 1236 4632 coram
1257 4572 1294 4630 te

224 4755 551 4812 muneraremur.
652 4752 850 4799 'Psmviiaa
953 4750 1105 4795 Ῥιιίω.
1207 4746 1332 4793 ‘hves
