3052 5220
406 676 625 739 enarrarre
641 686 688 738 rrr
700 685 883 742 nmirum
893 687 921 739 s.
941 688 1100 763 usura.
1331 706 1363 760 35

350 1061 591 1164 [Praesumo
617 1084 659 1137 m
691 1061 874 1138 Hurmuu
904 1062 943 1139 S.
976 1062 1168 1166 Hirtam]

222 1316 269 1404 T]
312 1317 464 1382 Ymnum
479 1315 577 1382 dicat
597 1315 746 1381 Hilarius
771 1315 961 1400 eipiscopus
984 1326 1018 1382 et
1041 1319 1195 1406 princeps
1215 1321 1361 1390 ciuitatis

247 1425 299 1470 uae
324 1405 447 1471 dicitur
473 1404 618 1471 Pictauis
642 1401 721 1469 fecit
740 1403 834 1469 hunc
857 1423 997 1487 ymnum
1023 1404 1166 1481 Christo,
1187 1408 1221 1473 in
1245 1419 1361 1491 monte

222 1425 381 1578 gargani,
397 1492 446 1558 iar
467 1489 600 1558 tomailt
622 1510 666 1556 na
689 1491 827 1576 prainne
850 1491 916 1556 illic
940 1492 949 1556 i
973 1492 1104 1576 tegdais
1125 1494 1184 1560 ind
1207 1495 1360 1564 latraind.

223 1579 315 1647 Otus
331 1580 380 1645 iar
401 1580 579 1664 n·atlugud
602 1578 703 1645 buide
725 1577 771 1643 do
795 1577 862 1643 Dia
884 1579 1056 1647 rothinsat
1072 1581 1104 1646 in
1122 1583 1207 1649 meic
1222 1583 1359 1651 bethaid

180 1683 197 1751 5
224 1677 365 1753 posteo
380 1667 499 1733 narbat
514 1664 571 1732 mo
586 1686 688 1750 quam
712 1663 864 1743 infantes,
880 1667 967 1731 amal
984 1667 1087 1734 trirfas
1102 1670 1172 1736 sein
1189 1670 1234 1737 do
1248 1675 1360 1740 sacurt

223 1755 279 1821 boi
300 1776 391 1821 occo.
435 1755 542 1821 Tanic
565 1754 676 1835 aingel
703 1774 777 1818 ocus
798 1754 911 1819 asbert
933 1754 1005 1833 friu,
1020 1758 1110 1822 “nisi
1138 1760 1358 1843 penitentiam

222 1844 365 1929 egeritis,
374 1844 407 1908 in
418 1842 583 1909 infernum
597 1840 714 1907 ibitis.”
738 1840 890 1926 Egerunt
899 1862 980 1925 ergo
989 1844 1257 1928 penitentiam,ct
1265 1849 1360 1916 dedit

221 1932 304 1998 deus
325 1930 568 2016 indulgentiam
583 1930 631 1995 cis
647 1950 706 2014 per
728 1929 826 1994 istam
850 1928 1002 1996 laudem:
1025 1933 1072 1998 sic
1089 1934 1186 2000 nobis
1200 1939 1358 2004 conuenit

222 2039 340 2084 canere
355 2029 431 2102 post
447 2018 634 2103 prandium.

160 2122 202 2173 to
223 2106 341 2183 Aliter,
356 2106 449 2171 locus
464 2106 492 2170 .i.
507 2124 627 2188 specus
643 2104 675 2168 in
696 2113 831 2188 pectore
854 2106 978 2170 montis
995 2107 1086 2172 Iouis
1102 2109 1187 2174 inter
1203 2110 1310 2194 Alpes
1325 2113 1358 2178 in

221 2212 289 2278 qua
310 2191 461 2279 philophi
491 2202 570 2257 ante
600 2191 740 2256 fuerunt.
785 2191 934 2276 Tempus
960 2192 1151 2260 Ualentiani
1174 2206 1208 2262 et
1232 2198 1357 2266 Ualen·

222 2280 273 2346 tis
320 2281 465 2346 Persona
485 2279 641 2344 Hilarius.
687 2277 797 2346 Causa
812 2279 842 2343 .i.
859 2279 997 2364 angelus
1020 2285 1204 2367 postulauit
1221 2289 1358 2370 quando

222 2368 314 2434 uenit
328 2369 371 2433 ad
388 2366 577 2434 Susannam
600 2366 716 2430 urbem
738 2387 813 2432 cum
830 2367 978 2432 tricentis
995 2371 1072 2434 uiris
1087 2372 1114 2435 .i.
1132 2393 1158 2436 c.
1174 2373 1217 2437 de
1232 2374 1357 2441 clericis

221 2466 256 2520 et
271 2475 317 2521 cc.
332 2457 376 2521 de
391 2455 490 2519 laicis
538 2454 635 2520 Unus
651 2474 731 2518 uero
745 2455 788 2518 de
802 2453 928 2519 clericis
944 2469 1096 2522 mortuus
1106 2471 1158 2524 est
1167 2480 1228 2543 pro
1238 2461 1358 2547 frigore

162 2557 197 2626 ις
222 2542 350 2620 hiemis,
360 2553 394 2607 et
412 2542 561 2606 Hilarius
572 2542 681 2606 orauit
694 2563 754 2624 pro
765 2562 826 2606 suo
843 2542 1015 2608 monacho.
1053 2545 1115 2610 Illa
1130 2557 1241 2612 autem
1260 2560 1357 2615 nocte

223 2630 361 2715 angelus
375 2631 465 2696 dixit
474 2631 518 2695 ad
529 2649 616 2704 cum,
630 2634 648 2662 ‘⁸
658 2627 759 2693 debet
774 2641 807 2693 te
823 2631 959 2694 scrutari
972 2632 1151 2716 scripturas
1166 2647 1200 2700 et
1214 2657 1355 2720 ymnum

223 2717 330 2782 facere
352 2717 445 2782 deo.”
491 2716 554 2782 llle
571 2737 651 2801 crgo
675 2715 752 2780 fecit
775 2717 871 2781 iuxta
894 2717 1069 2801 imperium
1092 2721 1202 2805 angeli
1217 2734 1252 2789 et
1269 2745 1356 2791 mor·

221 2814 316 2869 tuum
333 2805 507 2870 suscitauit
522 2825 581 2889 per
595 2805 738 2888 gratiam
753 2804 817 2868 dci.

223 2891 370 2956 Metrum
394 2891 578 2956 troiachum
604 2889 834 2955 tetrametrum
857 2899 928 2969 est;
955 2892 1008 2958 hic
1032 2895 1147 2979 recipit
1170 2898 1356 2980 spondeum

156 2994 200 3044 20
220 2977 376 3043 omnibus
392 2979 473 3042 locis
489 2987 619 3061 praeter
628 2978 762 3041 tertium
776 2977 885 3044 locum
901 2989 935 3042 et
945 2978 1068 3045 trochia
1082 2983 1237 3049 omnibus
1253 2984 1334 3052 locis
1350 3008 1357 3064 ;

221 3066 253 3130 in
289 3085 358 3149 quo
394 3065 575 3148 aliquando
605 3064 705 3128 tertio
735 3064 809 3129 loco
839 3066 957 3149 prioris
986 3068 1138 3133 uersiculi
1168 3072 1354 3154 spondeum

220 3154 373 3236 reperies,
395 3163 433 3216 ut
455 3150 588 3215 “factor
609 3150 672 3215 celi
695 3161 729 3217 et
752 3162 848 3216 terrae
871 3152 1003 3231 factor,”
1017 3165 1052 3218 et
1074 3156 1214 3222 “uerbis
1236 3172 1359 3244 purgat

221 3239 322 3325 leprae
338 3236 519 3304 morbum.”
564 3236 803 3322 Curritlautem
826 3238 963 3303 alternis
979 3242 1137 3318 uersibus,
1154 3244 1200 3309 ita
1215 3255 1253 3311 ut
1268 3247 1358 3332 prior

220 3346 335 3391 uersus
350 3325 473 3390 habeat
488 3324 591 3410 pedes
607 3325 669 3389 iiii.
687 3326 849 3409 posterior
863 3346 943 3390 uero
957 3327 1009 3392 iii.
1025 3338 1059 3392 et
1074 3329 1251 3397 sillabam.¹

154 3429 194 3498 25
220 3413 352 3478 Ymnus
367 3411 483 3490 Grece,
498 3411 569 3477 laus
585 3414 820 3496 interpretatur
834 3411 954 3478 Latine
967 3435 974 3490 ;
997 3415 1050 3479 uel
1061 3437 1185 3500 ymnus
1197 3422 1358 3487 memoria

217 3597 254 3682 F]
296 3601 395 3660 Iocus
423 3599 512 3659 huius
539 3596 609 3658 artis
637 3598 779 3675 spelunca
806 3599 836 3657 in
865 3609 985 3676 pectore
1006 3598 1117 3660 montis
1139 3590 1222 3661 Iouis
1243 3601 1273 3662 in
1296 3621 1358 3681 qua

215 3694 285 3742 ante
327 3678 499 3758 philosophi
533 3679 660 3740 fuerunt
724 3680 858 3757 Tempus
889 3681 961 3740 noui
992 3682 1171 3755 testamenti,
1204 3684 1254 3743 uel
1288 3696 1357 3760 post

216 3763 377 3824 Neronem.
435 3762 566 3822 Persona
590 3759 722 3820 Hilarius
745 3757 948 3820 Pictauiensis.
1006 3761 1105 3824 Causa
1138 3763 1298 3840 postulatio
1326 3765 1354 3826 .i.

215 3844 337 3923 angelus
363 3842 524 3920 postulauit
547 3840 587 3902 ab
611 3841 736 3901 Hilario.
789 3841 848 3903 Uel
873 3840 1006 3902 Hilarius
1030 3842 1111 3902 hunc
1138 3862 1263 3921 ymnum
1285 3846 1356 3908 feeit

175 3943 192 4004 ς
215 3925 339 3985 ueniens
353 3924 392 3984 ad
406 3924 538 3985 Sanam
559 3921 665 3984 urbem
679 3941 748 3982 cum
763 3940 824 3983 ccc
841 3921 912 3983 uiris
926 3924 954 3983 .i.
970 3941 996 3983 c.
1011 3923 1051 3984 de
1071 3921 1186 3986 clericis
1206 3937 1237 3987 et
1256 3945 1300 3988 ce
1316 3929 1355 3990 de

215 4006 306 4079 laicis,
320 4016 351 4066 et
372 4016 507 4066 mortuus
525 4015 571 4065 est
588 4022 665 4065 unus
689 4004 729 4064 de
751 4003 865 4065 clericis
886 4022 940 4083 pro
960 4003 1067 4084 frigore
1087 4004 1203 4068 hiemis.
1246 4008 1285 4070 Et
1306 4006 1355 4071 ille

215 4087 310 4148 orauit
329 4087 369 4147 ad
389 4086 547 4147 dominum
569 4104 624 4164 pro
645 4085 795 4147 monacho
815 4104 879 4147 suo.
923 4086 980 4146 Illa
993 4099 1093 4146 autem
1108 4098 1197 4148 noete
1210 4088 1290 4150 faeta
1309 4102 1355 4152 est

215 4187 273 4230 uos
288 4167 329 4228 ad
350 4185 420 4228 eum
438 4167 551 4240 dicens,
567 4165 660 4228 debet
680 4179 710 4228 te
730 4168 853 4227 scrutari
874 4165 1048 4245 scripturam
1069 4177 1101 4228 et
1120 4187 1243 4246 ymnum
1258 4171 1355 4234 facere

214 4250 298 4324 deo;
332 4248 381 4308 ille
409 4266 481 4309 uero
509 4248 579 4308 lecit
607 4260 637 4308 et
665 4261 815 4309 mortuum
843 4247 1005 4309 suscirauit
1050 4247 1194 4312 isidorus.
1237 4251 1354 4315 Ymnos

156 4350 194 4392 ro
214 4331 342 4411 primum
356 4329 457 4390 Dauid
471 4328 585 4407 profem
600 4329 631 4389 in
645 4329 766 4390 laudern
777 4330 827 4390 dei
841 4327 1048 4407 composuisse
1061 4347 1097 4389 ac
1107 4331 1252 4394 cecinisse
1263 4336 1356 4395 mani-

216 4413 346 4474 festum.¹
388 4411 520 4471 Metrum
534 4410 720 4472 truchintum
735 4421 948 4483 tetrametrum,
964 4411 1048 4489 quod
1062 4429 1081 4471 a
1094 4411 1192 4490 poetis
1205 4413 1310 4478 Grecis
1324 4430 1354 4480 et

216 4495 330 4556 Latinis
354 4490 592 4570 frequentissime
614 4492 743 4570 ponitur,
759 4492 864 4570 recipit
886 4492 1042 4554 trocheum
1067 4504 1096 4554 et
1120 4494 1193 4556 locis
1214 4495 1355 4560 omnibus

202 4576 382 4674 'spondeum
394 4587 499 4652 praeter
510 4574 638 4647 tertium,
650 4571 739 4633 currit
753 4573 874 4634 alternis
886 4574 1046 4646 uersiculis,
1058 4572 1099 4634 ita
1110 4586 1143 4636 ut
1157 4577 1237 4654 prior
1246 4577 1355 4642 habeat

275 4757 679 4812 'amaammrmere
960 4758 1255 4816 ctumoeoffitvtr.

1178 4838 1205 4890 D
1234 4840 1252 4890 2
