3052 5220
151 647 160 685 ι
165 633 197 699 38
490 631 676 686 LAMENYA
682 631 708 683 T
704 631 744 683 10
759 631 786 683 S.
805 629 998 683 AuBnosu.

152 802 206 902 T]
254 803 363 880 Deus
382 821 421 877 tu
443 802 514 876 scis
534 800 781 899 insipientiam
801 824 923 874 meam

182 927 226 999 25
255 905 348 978 deus
367 922 407 977 tu
426 903 523 978 nosti
542 903 760 976 immensam
779 899 1013 998 iniquitatem
1032 924 1153 991 meam

256 1007 349 1080 deus
369 1030 473 1079 meus
490 1003 575 1078 dele
592 1001 728 1077 delicta
745 1001 945 1076 iuuentutis
962 1025 1056 1076 meae
1069 1020 1108 1076 et
1122 999 1353 1100 ignorantias

309 1131 411 1179 meas
1126 1125 1129 1131 ·

257 1207 351 1279 deus
365 1204 605 1279 deterrimum
623 1205 823 1278 draconem
841 1202 889 1276 de
908 1218 1058 1298 pectore
1076 1225 1161 1276 meo
1175 1201 1255 1276 eice

258 1305 354 1379 deus
372 1332 477 1380 meus
495 1304 647 1380 callidas
667 1304 799 1401 uulpes
818 1323 856 1378 et
874 1327 1084 1378 uenenosas
1111 1320 1307 1401 serpentes
1333 1327 1356 1378 a

310 1434 370 1482 me
389 1407 479 1507 fuga

261 1506 335 1583 heu
355 1508 444 1582 mihi
463 1512 550 1608 quia
568 1509 719 1612 peccaui
739 1533 865 1583 coram
885 1528 923 1584 te

189 1683 237 1755 30
265 1659 370 1737 Ecce
390 1686 487 1735 nunc
506 1663 543 1736 in
562 1680 764 1759 conspectu
782 1659 986 1735 maiestatis
1004 1675 1077 1733 tuae
1095 1681 1169 1753 ego
1185 1653 1310 1731 defleo

264 1786 350 1836 ecce
370 1788 466 1837 nunc
486 1789 569 1839 mea
587 1763 800 1860 peccamina
819 1782 856 1837 te
874 1787 999 1837 coram
1016 1757 1167 1834 denudo

265 1889 353 1938 ecce
372 1888 447 1938 non
465 1866 645 1939 erubesco
664 1890 788 1940 coram
807 1883 844 1939 te
862 1865 955 1939 deus
973 1860 1136 1936 clemens
1154 1855 1324 1936 confiteri

267 1990 312 2039 ea
328 1990 413 2062 quae
432 1989 506 2040 non
520 1967 650 2041 erubui
669 1966 739 2039 sub
756 1966 872 2042 oculis
890 1965 963 2040 tuis
980 1961 1162 2039 committi

268 2090 342 2164 ego
362 2067 536 2140 omnibus
555 2068 655 2141 uitiis
674 2067 937 2165 principalibus
954 2088 1154 2140 consumor

198 2189 218 2261 3
224 2186 244 2261 5
272 2192 344 2265 ego
362 2168 504 2241 cunctis
523 2167 777 2242 uoluntatibus
795 2168 917 2242 carnis
934 2164 1081 2266 affligor

271 2267 342 2341 heu
363 2269 435 2341 heu
453 2271 526 2342 heu
545 2269 633 2342 mihi
652 2268 803 2343 domine
821 2268 909 2366 quia
926 2267 1077 2366 peccaui
1095 2289 1221 2340 coram
1238 2280 1277 2336 te

275 2414 388 2514 Fuga
405 2441 428 2488 a
441 2440 502 2488 me
519 2415 672 2491 domine
689 2416 780 2490 uitia
798 2414 965 2512 corporis
982 2431 1021 2487 et
1039 2410 1174 2484 animae

271 2516 396 2615 fugaa
414 2541 474 2590 me
492 2517 702 2613 superbiam
721 2532 759 2590 et
777 2516 954 2589 inuidiam
973 2512 1108 2587 mentis

272 2617 361 2716 fuga
379 2642 401 2689 a
419 2641 479 2691 me
498 2616 588 2691 iram
612 2617 791 2691 accidiam
809 2635 847 2691 et
865 2641 986 2692 rerum
1005 2611 1220 2716 cupidinem

197 2743 247 2811 40
275 2717 362 2816 fuga
380 2743 401 2790 a
421 2741 480 2791 me
497 2717 623 2816 gulam
636 2720 693 2812 set
712 2717 909 2792 nefandam
924 2714 1117 2789 libidinem
1203 2706 1281 2809 [fol.
1304 2730 1361 2781 21.

276 2820 362 2918 fuga
382 2817 472 2891 falsa
490 2819 704 2893 testimonia
721 2817 953 2893 blasfemiam
972 2836 1009 2891 et
1027 2811 1253 2889 mentacium

276 2920 365 3019 fuga
381 2946 404 2994 a
422 2945 482 2993 me
499 2946 582 2993 cum
602 2920 713 2993 ramis
731 2941 768 2994 et
783 2920 949 3017 partibus
966 2936 1052 2992 octo
1071 2915 1161 2989 uitia

278 3021 350 3095 heu
369 3020 442 3095 heu
461 3020 533 3095 heu
553 3021 642 3096 mihi
661 3023 811 3096 domine
828 3021 916 3119 quia
929 3017 1080 3118 peccaui
1099 3040 1224 3090 coram
1242 3029 1280 3087 te

282 3169 436 3247 Grande
454 3188 511 3244 est
529 3169 772 3245 uehementer
789 3170 907 3246 litoris
924 3194 1055 3243 saxum

207 3294 253 3365 45
281 3270 425 3370 grande
443 3289 500 3344 est
519 3270 781 3347 famulantibus
799 3271 988 3347 seruitutis
1007 3272 1133 3368 iugum

282 3373 408 3470 grauis
426 3393 483 3445 est
502 3372 680 3446 assinaria
698 3373 796 3447 mola
815 3371 968 3446 molanti

282 3496 418 3571 graues
436 3493 522 3545 sunt
543 3474 663 3545 nautis
682 3494 718 3546 et
739 3472 894 3546 nauibus
914 3470 1088 3546 anchorae
1106 3486 1144 3542 et
1162 3464 1316 3564 plummi

279 3573 408 3689 grauis
428 3573 515 3647 item
534 3572 580 3647 ad
600 3574 823 3669 portandum
842 3573 976 3646 humus
994 3569 1150 3644 humida

284 3674 435 3845 grauius
453 3693 510 3747 est
530 3693 569 3748 ut
587 3674 698 3748 credo
717 3699 882 3748 meorum
903 3693 1136 3770 peccatorum
1155 3664 1303 3765 pondus

212 3795 260 3866 50
314 3799 359 3846 eu
381 3773 468 3846 mihi
487 3774 639 3849 domine
656 3777 743 3873 quia
762 3775 911 3872 peccaui

288 3931 420 4009 Homo
438 3959 520 4006 sum
549 3931 675 4007 infelix
693 3952 730 4008 et
745 3930 1026 4008 innumerabilia
1042 3950 1128 4006 sunt
1145 3924 1282 4000 delicta
1298 3946 1383 3996 mea

285 4033 400 4107 homo
417 4033 531 4107 durus
549 4052 587 4107 et
605 4034 729 4109 aridus
746 4035 840 4109 sicut
858 4053 956 4109 terra
972 4034 1053 4107 sine
1070 4053 1167 4127 aqua

286 4133 401 4207 homo
420 4160 501 4208 sum
521 4135 684 4211 deterior
701 4136 843 4210 cunctis
862 4133 1077 4211 mortalibus

288 4234 467 4308 honorem
486 4236 643 4332 cupidus
661 4236 860 4311 multorum
877 4236 972 4311 ultra
990 4233 1141 4309 modum

215 4359 259 4431 55
307 4335 330 4409 h
349 4335 396 4408 eli
414 4331 521 4437 [h]eli
540 4335 656 4410 linum
676 4337 862 4437 fumigans
880 4361 953 4410 non
974 4331 1138 4432 extingis

303 4436 326 4509 h
346 4436 564 4511 arundinem
583 4437 684 4512 omni
701 4458 816 4514 uento
827 4455 1010 4513 cassatam
1024 4434 1117 4510 deus
1131 4454 1206 4508 non
1220 4426 1379 4506 confrin-

388 4561 456 4634 gas

289 4636 361 4714 heu
380 4636 544 4714 heuheu
563 4636 651 4714 mibi
670 4638 821 4716 domine
