3052 5220
554 386 558 409 i

369 660 537 728 arms
548 661 577 714 S.
599 660 776 719 comm
787 661 861 715 mc
880 661 923 714 v!
937 617 1160 719 chilasalw.
1173 701 1184 731 3
1337 674 1367 727 31

688 1043 840 1130 [mmm]

221 1176 264 1275 T]
305 1181 355 1242 iol.
380 1198 396 1260 5
418 1181 451 1241 in
471 1189 533 1259 sup.
556 1199 644 1259 marg
642 1224 900 1242 ......
944 1177 1063 1240 alleluia
1081 1180 1213 1258 psalmus
1255 1225 1263 1242 .
1305 1226 1313 1242 .
1358 1227 1365 1242 .

160 1262 281 1324 allelura
322 1306 330 1323 .
373 1307 380 1322 .
423 1307 431 1322 .
473 1261 593 1323 alleluia
612 1272 696 1341 pater
717 1261 837 1323 alleluia
860 1260 939 1322 filius
962 1258 1080 1321 alleluia
1104 1259 1224 1340 spiritur
1246 1273 1367 1325 sanctus

158 1343 320 1406 desideras.

221 1421 264 1509 T]
304 1425 357 1487 iol.
372 1423 531 1505 sbimp.
547 1444 640 1504 marg.

231 1580 234 1587 ι
273 1552 281 1569 .
323 1552 331 1568 .
375 1507 527 1581 ..εἰιιιιιεΙ
552 1525 623 1569 nam
646 1503 671 1567 si
695 1505 746 1569 illa
787 1551 794 1567 .
837 1552 844 1566 .
888 1552 895 1566 .
938 1504 1122 1582 periculam
1145 1501 1261 1573 sum.
1304 1554 1311 1569 .
1356 1555 1362 1569 .

158 1586 238 1650 entis
253 1586 376 1650 interius
390 1601 444 1650 ort
486 1588 650 1651 Salomon:
682 1588 779 1650 Fortis
793 1599 838 1650 est
853 1601 885 1648 ut
900 1606 980 1649 mors
991 1586 1134 1662 dilectio‚¹
1143 1586 1214 1666 quia
1225 1587 1366 1652 uidelicet
1460 1650 1462 1656 ,

158 1670 238 1731 sicot
252 1680 339 1732 'mors
359 1689 468 1748 corpus
496 1667 648 1744 interimit,
673 1671 717 1731 sic
737 1688 870 1731 amorem
893 1671 1093 1747 corporalium
1118 1688 1217 1731 rerum
1245 1685 1365 1734 aetemoe

157 1752 231 1813 tritae
244 1752 350 1812 caritas
363 1751 496 1813 occidit¹

190 1842 281 1893 ·eta
294 1831 531 1896 monostemi

221 1916 260 1975 In
273 1915 397 1976 nomine
411 1915 503 1993 patris
516 1925 547 1975 et
561 1913 613 1974 tilii
628 1932 699 1975 cum
713 1912 828 1993 spiritui
843 1926 957 1976 sancto.

222 1997 308 2058 Iesus
329 1997 466 2060 Christus
486 1995 539 2074 qui
561 2013 651 2074 supra
682 1997 810 2057 Mariam
842 1996 968 2058 sedebat
998 2007 1029 2058 et
1058 1997 1162 2058 Petrus
1184 2007 1255 2062 ante
1280 1996 1363 2057 illum
1457 2061 1460 2067 ,

156 2077 265 2152 stabat,
280 2076 331 2140 dic
351 2076 425 2138 mihi
446 2078 534 2138 Petre
553 2095 645 2156 quare
666 2078 757 2139 tristis
777 2096 810 2139 eo
851 2124 858 2139 .
902 2123 909 2137 .
953 2125 960 2139 .
1004 2097 1085 2139 mmc
1126 2124 1134 2139 .
1178 2125 1185 2140 .
1228 2122 1235 2139 .
1279 2096 1364 2140 meos

156 2159 278 2221 dolorm
320 2204 328 2220 .
371 2204 378 2221 .
421 2177 474 2238 per
494 2157 556 2219 .u.ii
598 2204 605 2219 .
649 2204 655 2218 .
700 2205 706 2220 .
750 2205 757 2220 .
800 2178 853 2237 per
868 2159 1020 2222 Christum
1033 2161 1239 2239 apostolorum
1254 2172 1363 2222 utnon

160 2240 709 2332 ...3..amulumq.i.
753 2286 761 2305 .
804 2286 812 2303 .
855 2285 862 2301 .
906 2259 1086 2320 nonopere
1128 2288 1134 2302 .
1178 2288 1184 2303 .
1229 2288 1235 2302 .
1279 2242 1363 2304 locos

156 2369 168 2384 .
211 2368 219 2382 .
262 2369 269 2384 .
313 2323 360 2383 rsti

792 4712 801 4742 ¹
814 4713 879 4766 6ης.
890 4713 957 4756 Heu.
968 4713 991 4754 in
1001 4712 1090 4765 Eun.
1100 4711 1115 4755 i.
1126 4724 1157 4753 rr.
