3052 5220
1180 340 1187 353 Ι

600 632 734 685 LORICA
754 632 904 685 GILDAE.

413 778 506 864 Tege
522 778 665 843 uesicam
681 777 815 863 adipem
831 785 866 843 et
880 785 1000 863 pantes

416 863 649 950 compaginum
665 864 856 930 innumeros
871 865 1003 931 ordines

414 1030 507 1114 Tege
522 1027 608 1113 piios
623 1038 723 1112 atque
740 1029 890 1095 membra
905 1029 1033 1115 reliqua

413 1136 553 1201 quorum
570 1115 654 1180 forte
669 1116 811 1200 praeterii
826 1117 963 1182 nomina
1035 1116 1038 1125 '

414 1281 507 1365 Tege
521 1289 628 1344 totum
646 1299 699 1343 me
714 1299 790 1344 cum
806 1279 952 1365 quinque
967 1279 1118 1346 sensibus

414 1378 538 1434 etcum
554 1367 668 1432 decem
687 1366 865 1432 fabrifactis
881 1366 1004 1432 foribus

417 1533 487 1600 Utii
503 1552 523 1596 a
538 1531 660 1616 plantis
676 1551 780 1614 usque
795 1531 838 1595 ad
855 1532 1009 1596 uerticem
1122 1524 1126 1531 ’

415 1619 508 1685 nullo
523 1617 672 1682 membro
688 1617 764 1682 soris
781 1619 869 1683 intus
884 1628 1031 1701 egrotem

416 1782 468 1847 Ne
484 1782 526 1847 de
542 1802 617 1846 meo
632 1781 720 1866 posit
735 1781 839 1847 uitam
855 1782 986 1847 trudere

415 1869 517 1954 pestis
534 1868 632 1934 febris
647 1867 763 1952 langor
777 1868 873 1934 dolor
887 1890 1022 1953 corpore

416 2032 533 2096 Donec
549 2032 615 2095 iam
631 2031 695 2095 deo
717 2031 818 2095 dante
833 2032 961 2096 seniam

415 2127 449 2183 et
464 2127 600 2202 peccata
616 2137 689 2182 mea
704 2117 800 2182 bonis
815 2117 910 2182 iactis
925 2117 1054 2184 deleam

416 2280 461 2344 Et
476 2279 518 2344 de
533 2298 630 2343 came
646 2279 716 2352 iens
731 2278 815 2343 labis
829 2298 960 2344 caream

414 2365 506 2431 etad
523 2364 591 2430 aita
605 2365 737 2430 euolare
753 2365 881 2430 ualeam

415 2528 461 2592 Et
477 2527 612 2592 miserto
627 2527 691 2591 deo
706 2526 749 2590 ad
765 2527 889 2591 etheria

413 2613 498 2679 letus
513 2614 615 2679 uehar
630 2614 720 2698 regni
737 2614 902 2698 refrigeria

802 2701 873 2764 Fin.
889 2700 923 2765 it.
939 2721 1047 2766 amen.

209 2905 322 2980 CNaa]
357 2908 391 2979 85
411 2907 551 2964 uessicam
575 2909 601 2964 N
621 2908 761 2965 uesiccam
780 2912 803 2966 C
823 2910 941 2968 uicicam
961 2917 987 2967 Ψ
1029 2923 1124 2986 partes
1149 2916 1176 2970 N
1201 2925 1307 2986 pantes
1327 2921 1353 2969 v

156 2982 190 3036 86
201 2979 396 3052 κουραςίῃυιη
415 2980 493 3036 CNA
628 2981 662 3046 87
681 2980 770 3051 piclos
787 2986 812 3033 Ψ
846 2983 940 3056 adque
956 2988 982 3038 Ῡ
1122 2985 1157 3041 88
1175 2986 1308 3057 praeterii
1328 2988 1351 3044 C

156 3052 294 3124 praeteribi
309 3054 336 3107 N
370 3050 489 3108 raeteriui
503 3057 524 3105 Δ
536 3050 667 3123 preteribi
679 3056 705 3104 Ψ
834 3054 869 3123 89
887 3072 1007 3129 cumque
1019 3055 1186 3113 sensibus?
1317 3074 1354 3128 9ο

155 3123 248 3180 decim
261 3125 313 3179 CN
327 3070 406 3179 faire
418 3123 470 3179 CN
485 3122 572 3178 iabrae
584 3128 607 3177 A
618 3122 700 3179 iactis
713 3125 791 3179 CNA
960 3142 992 3196 91
1014 3138 1043 3184 ut
1057 3128 1135 3184 CNA
1171 3127 1199 3183 in
1279 3129 1319 3184 ad
1331 3136 1354 3182 A

156 3194 258 3252 uertice
270 3200 296 3248 Ψ
411 3209 445 3264 9²
465 3194 592 3249 membro
606 3199 706 3250 meo?
741 3213 793 3250 om.
807 3207 881 3252 intus
899 3203 922 3252 A
1038 3213 1074 3269 93
1092 3199 1181 3271 possit
1221 3201 1249 3256 N
1263 3199 1353 3256 uitam

156 3266 264 3337 possint
283 3272 304 3320 Δ
444 3281 479 3334 9⁴
496 3282 549 3320 om.
567 3265 652 3321 febris
664 3270 689 3317 v
737 3267 855 3337 languor
868 3268 920 3323 NA
1060 3283 1094 3341 95
1112 3286 1180 3327 nam
1186 3275 1245 3342 pro
1257 3270 1315 3327 iam
1327 3275 1353 3323 ν

155 3339 241 3393 dnme
259 3338 314 3394 deo
331 3338 378 3394 CA
414 3354 528 3393 seneam
541 3338 619 3392 CNA
740 3339 776 3406 96
793 3356 845 3394 om.
859 3339 940 3396 iactis
953 3340 1031 3396 CNA
1162 3354 1197 3411 97
1215 3347 1353 3413 utpwet

157 3411 235 3465 CNA
271 3408 333 3464 imis
408 3408 479 3463 labis
493 3408 545 3463 CN
559 3406 643 3463 himin
656 3417 678 3462 A
795 3424 831 3477 99
848 3410 964 3467 aetheria
976 3412 1000 3468 C
1012 3410 1138 3468 aetheria
1150 3413 1203 3467 NA
1214 3412 1315 3469 ethera
1327 3416 1353 3464 v

160 3495 209 3534 100
227 3480 316 3535 laetus
354 3485 376 3533 A
389 3480 469 3535 laetus
483 3480 510 3534 N
532 3479 636 3556 'uehot
649 3480 672 3534 C
685 3479 762 3549 regni
774 3481 878 3537 nechar
891 3482 917 3537 N
1063 3496 1109 3538 101
1129 3499 1182 3538 om.
1195 3481 1259 3538 finit
1272 3484 1352 3540 CNA

155 3568 238 3607 nmen
250 3552 292 3605 bis
307 3552 332 3605 N
380 3551 477 3605 Aadd.
492 3549 613 3620 Explicit
626 3550 747 3620 hymnus
755 3567 839 3623 quem
854 3553 998 3609 Lathacan
1011 3552 1164 3624 scotigena
1175 3552 1250 3610 iecit.
