3052 5220
385 39 1401 290 m

952 300 956 309 ι

152 643 183 692 82
346 639 380 690 H
386 638 514 692 YMNUS
527 638 554 689 S.
574 636 780 690 COLUMBAE
804 635 929 690 ALTUS
954 632 1156 686 mosterot.

677 851 828 940 [ΝΟΜ]
882 903 884 907 ,

215 1005 257 1090 T]
298 1008 654 1086 sol.11br'nrrtp.marg.

215 1135 476 1151 ......
519 1088 681 1166 obponitur
703 1087 760 1148 illis
802 1133 810 1148 .
852 1106 904 1148 cur
926 1087 1026 1148 anima
1049 1087 1173 1166 paruuli,
1199 1105 1269 1164 quae
1293 1104 1351 1145 non

157 1186 343 1249 propagatur,
359 1185 391 1232 ut
416 1191 493 1245 caro,
509 1190 578 1231 cum
604 1189 692 1231 carne
716 1168 865 1247 originalis
880 1168 1022 1247 (pecclati
1037 1179 1154 1230 tenetur
1178 1168 1353 1229 consortio?

157 1254 232 1314 deus
258 1255 393 1332 nunquid
418 1255 543 1314 iniustus
566 1265 620 1327 est,
644 1265 676 1312 ut
699 1270 768 1311 cum
791 1270 880 1310 carne
903 1250 1000 1311 mittat
1028 1251 1158 1311 animam
1184 1250 1227 1329 (in
1255 1249 1352 1329 ignem

157 1348 309 1402 aeternum.
326 1333 405 1414 quae)
430 1353 499 1396 cunr
524 1353 612 1394 carne
637 1353 696 1393 non
723 1333 812 1393 habet
835 1351 996 1394 commune
1021 1333 1200 1410 peccatum?
1242 1333 1282 1392 Et
1296 1332 1354 1392 hoc

158 1435 226 1475 cum
249 1419 304 1476 illis
319 1418 488 1494 obponitur,
503 1414 628 1477 omnino
643 1415 798 1495 (deficiunt
840 1420 860 1491 l.
903 1417 943 1475 At
968 1413 1009 1473 illi
1024 1427 1148 1492 possunt
1171 1413 1201 1473 in
1223 1413 1355 1490 paruulis

159 1499 268 1558 iustum
284 1500 332 1559 dei
345 1499 486 1560 iudicium
502 1499 624 1572 firmare,
640 1510 672 1557 ut
686 1515 847 1557 commune
868 1495 998 1556 habeant
1020 1508 1177 1574 peccatum
1202 1495 1353 1574 originale,

158 1581 233 1639 sicut
248 1600 410 1642 commune
423 1581 584 1641 nendicant
596 1581 747 1657 utriusque
758 1579 1000 1657 propagationem
1043 1622 1354 1639 .......

158 1661 378 1722 obmutescunt.
434 1665 573 1721 Animam
597 1663 707 1739 quippe
731 1662 892 1720 humanam
914 1671 1027 1721 certum
1055 1671 1101 1720 est
1128 1660 1159 1718 in
1187 1661 1254 1736 ipso
1296 1704 1303 1720 .
1345 1704 1353 1717 .

159 1787 367 1802 .....
411 1743 591 1803 conditionis
619 1761 681 1803 suae
710 1761 830 1803 munere
855 1742 999 1819 percipise
1041 1786 1048 1801 .
1090 1741 1133 1801 sic
1161 1758 1284 1801 necesse
1311 1749 1355 1801 est

158 1835 190 1882 ut
213 1843 321 1901 corpus
346 1823 389 1897 (in
412 1842 474 1900 quo
496 1823 558 1902 hic)
581 1823 693 1896 uixerit,
716 1825 745 1882 in
770 1824 981 1884 resurrectione
1005 1821 1126 1900 recipiat
1167 1865 1174 1881 .
1219 1820 1356 1899 Quisque

158 1923 229 1981 ergo
243 1905 322 1964 dicat
337 1907 466 1964 animata
487 1906 601 1964 semina
622 1903 788 1983 profluxise
805 1903 868 1964 siue
890 1903 938 1964 illa
960 1923 1028 1979 quae
1052 1904 1270 1981 concipiuntur,
1292 1901 1355 1963 siue

157 2003 225 2061 quae
251 2000 395 2046 nocturna
420 1988 544 2047 ilusione
568 1987 755 2046 funduntur?
796 1986 888 2060 Quod
902 1987 1001 2045 omnis
1022 1984 1142 2063 sapiens
1166 1985 1250 2046 uidet
1264 2003 1354 2062 quam

158 2067 321 2127 obsordum
338 2079 367 2127 et
380 2086 398 2127 a
412 2066 526 2127 ratione
539 2066 680 2127 omnibus
695 2067 793 2127 modis
807 2067 958 2127 alienum.¹

217 2240 258 2323 T]
300 2245 349 2302 sol.
369 2264 402 2302 ra
420 2245 458 2302 r’rr.
475 2254 536 2318 sup.
553 2262 645 2319 marg.

218 2368 225 2381 .
269 2369 275 2382 .
320 2370 326 2383 .
370 2369 376 2384 .
421 2335 585 2400 pauperet
628 2367 634 2381 .
678 2369 684 2382 .
728 2366 735 2382 .
778 2341 892 2400 pauper
915 2323 1001 2385 diues
1016 2325 1062 2384 lex
1083 2325 1163 2384 enim
1177 2342 1240 2384 uno
1263 2324 1358 2385 uerbo

157 2405 331 2479 completur,
348 2404 378 2463 id
393 2417 445 2474 est¹
462 2406 565 2479 diliges
589 2403 754 2478 proximum
797 2449 1157 2464 ........
1201 2405 1357 2482 plenitudo

158 2484 229 2560 legis
244 2487 348 2543 caritas
363 2499 406 2544 est
450 2530 456 2543 .
501 2486 659 2561 Gregorius
702 2530 708 2543 .
751 2488 856 2543 caritas
875 2486 964 2545 arreni
980 2486 1088 2547 laboris
1102 2497 1203 2546 nostra
1218 2486 1356 2545 iacitrin

159 2567 244 2637 Abel,
262 2586 313 2642 per
328 2564 504 2626 sacrificium
519 2567 612 2642 gratia
622 2587 631 2639 ;
652 2567 681 2625 in
699 2567 766 2625 Noe
791 2585 844 2643 per
865 2567 1011 2626 diluuium
1028 2585 1131 2626 secura
1141 2588 1150 2640 ;
1170 2568 1200 2626 in
1216 2568 1356 2640 Auratam,

160 2646 386 2724 perigrinatione
418 2647 595 2720 fidelisima;
633 2649 663 2706 in
697 2646 788 2706 Moisi
820 2647 895 2707 inter
930 2642 1104 2730 i[n]iu[r]ias
1127 2646 1278 2708 laetissima
1288 2669 1296 2722 ;
1326 2647 1357 2707 in

161 2729 269 2801 llauid,
282 2728 311 2788 in
327 2730 565 2789 tribulationibus
580 2728 877 2800 mansuetissima,²et
891 2729 1004 2805 reliqua
1044 2773 1357 2790 .......

158 2812 301 2888 sunguine
316 2811 447 2870 humano
462 2811 576 2887 pulluta
590 2813 683 2870 suerat
699 2829 754 2869 nec
769 2811 807 2870 ad
823 2812 1003 2887 sepulturam
1015 2811 1109 2871 suerat
1119 2825 1222 2888 aperta
1232 2830 1286 2888 par
1297 2823 1358 2873 erat

261 2939 267 2951 .
311 2937 317 2950 .
361 2891 483 2969 uirginis
498 2904 560 2952 erat
574 2911 591 2950 a
607 2892 668 2951 filio
682 2892 851 2950 uinceretur

220 3067 261 3152 T]
303 3071 352 3131 lol.
372 3071 429 3130 rab
444 3073 476 3129 in
489 3074 551 3149 sup.
568 3091 659 3146 marg.
913 3115 920 3129 .
964 3114 971 3129 .
1014 3114 1021 3129 .
1065 3070 1104 3130 flu
1147 3115 1358 3130 .....

160 3167 269 3213 exeunt
310 3197 569 3213 ......
613 3153 738 3212 sabbato
759 3163 788 3211 et
809 3162 890 3210 extra
910 3150 1062 3212 ciuitatem
1087 3152 1166 3212 iuxta
1189 3199 1196 3213 .
1220 3198 1227 3213 .
1250 3198 1258 3212 .
1280 3153 1361 3212 exire

162 3253 222 3293 non
239 3236 306 3295 licet
322 3234 438 3312 longius
448 3255 456 3308 3
476 3235 630 3312 quomodo
639 3254 708 3312 ergo
724 3234 782 3292 hoc
798 3247 931 3308 tempore
973 3278 1182 3294 .....
1226 3248 1360 3311 tempore

161 3334 223 3392 quo
275 3361 281 3375 .
334 3363 340 3376 .
393 3361 399 3375 .
453 3361 460 3375 .
511 3315 619 3376 liberos
643 3335 697 3376 nos
718 3314 757 3375 ab
778 3313 824 3373 his
848 3315 1069 3391 impedimentis
1094 3314 1143 3375 dei
1167 3315 1309 3374 auxilium
1352 3360 1358 3372 .

162 3399 346 3474 Augustinus
368 3398 452 3456 aliter
493 3441 501 3457 .
543 3442 550 3456 .
594 3444 601 3458 .
645 3416 683 3456 ne
706 3397 735 3455 in
759 3396 876 3456 trisitia
897 3407 948 3455 aut
971 3397 1071 3456 laetitia
1093 3415 1188 3456 rerurn
1214 3408 1361 3473 tempora·

162 3478 234 3536 lium
259 3480 327 3554 quis
356 3481 434 3537 illam
477 3524 483 3537 .
528 3479 687 3555 Gregorius
715 3477 799 3536 aliter
840 3523 847 3537 .
890 3475 920 3536 id
949 3489 994 3537 est
1015 3497 1053 3538 ne
1075 3475 1221 3555 (fr)niatur
1248 3478 1360 3537 fructus

163 3557 255 3618 nostri
283 3561 381 3634 operis
409 3577 478 3618 cunr
507 3557 571 3619 sine
599 3559 740 3636 temporis
766 3602 773 3619 .
796 3602 803 3616 .
827 3603 834 3617 .
857 3559 915 3618 hoc
936 3603 943 3618 .
967 3603 972 3617 .
997 3558 1123 3618 sabbato
1152 3570 1270 3634 tempus
1299 3557 1359 3618 hoc

163 3639 271 3699 dicitur
285 3641 323 3700 de
337 3640 472 3700 castitate
514 3686 521 3702 .
565 3686 572 3700 .
614 3685 621 3701 .
664 3685 671 3700 .

223 3811 264 3896 T]
306 3817 355 3875 sol.
376 3817 456 3893 ¹³1'n
469 3826 531 3895 sup.
544 3835 634 3894 marg.

275 3943 281 3956 .
325 3898 425 3972 sulerit
447 3897 576 3957 formido
600 3906 785 3974 consumpta,
811 3896 948 3973 quadarn
972 3897 1030 3955 iam
1053 3895 1093 3957 de
1115 3894 1360 3973 prae(srrmptione

163 3976 260 4034 uenire
281 3977 436 4051 se)curitas
459 3979 596 4052 nascitur,
619 3989 648 4038 et
673 3977 703 4037 in
725 3997 826 4037 amore
854 3979 1007 4037 celestium
1030 3977 1205 4056 gaudiorum
1231 3976 1361 4052 (animus

165 4054 376 4133 inflammatur)
390 4082 396 4119 :
418 4072 448 4119 et
458 4060 509 4136 qui
521 4060 601 4137 prius
611 4057 701 4118 flebat
717 4077 755 4118 ne
768 4059 925 4119 duceretur
939 4058 977 4118 ad
989 4058 1154 4137 suplicium,
1167 4058 1359 4135 postmodum

164 4215 287 4277 uisionis
302 4220 351 4279 dei
393 4265 400 4279 .
444 4265 451 4280 .
497 4265 504 4281 .
546 4264 553 4280 .
595 4223 880 4280 aeternametuebat⁸

225 4394 262 4480 F]
304 4401 353 4461 iol.
371 4421 386 4461 a
403 4403 435 4463 t'n
449 4403 504 4479 r'nf.
519 4424 610 4482 marg.

468 4486 514 4546 Ex
528 4486 609 4546 libris
623 4484 662 4546 de
676 4495 829 4545 conuentu
845 4484 884 4545 de
900 4485 1067 4562 Dunnagall

315 4648 323 4678 ²
337 4647 390 4691 laid.
400 4649 457 4703 Diffi
471 4649 494 4692 ll.
505 4665 535 4703 p,
548 4651 590 4692 rad.
602 4663 644 4701 roy.
851 4649 861 4677 ¹
874 4649 909 4692 Cl'.
919 4649 1024 4691 Leauar
1030 4649 1107 4691 unu.
1117 4646 1153 4689 lot.
1162 4647 1211 4689 ὅθι.

556 4701 566 4730 ⁸
580 4700 647 4742 lirun.
660 4699 730 4742 staur.
741 4701 772 4741 r'rr.
783 4703 825 4743 los.
836 4698 872 4741 lib.
883 4698 913 4741 iii.
923 4712 942 4742 c.
952 4701 972 4741 ⁶.
