3052 5220
507 638 694 694 tamma
700 639 763 692 rto
777 639 805 691 S.
824 639 1016 692 AMBROSII.
1323 653 1366 704 141

145 878 148 884 Α
170 802 226 906 Τ]
275 806 512 884 reminiscere
530 806 809 883 miserationum
828 825 973 883 tuarum
991 807 1142 884 domine

273 935 338 984 rex
375 934 505 1010 regum
548 927 586 985 et
629 909 802 985 dominus
838 909 1109 985 dominantium
1139 908 1280 984 nullum
1313 907 1370 983 uis

324 1028 560 1108 peccatorum
579 1028 700 1086 morte
718 1011 839 1109 perire

269 1109 434 1186 heuheu
453 1112 526 1187 heu
544 1110 635 1187 mihi
653 1111 805 1188 domine

270 1260 456 1360 Spiritum
475 1262 729 1362 septiformem
744 1289 857 1362 super
875 1290 934 1339 me
953 1263 1106 1340 infunde
1124 1264 1217 1340 deus

178 1389 219 1436 12
226 1386 245 1459 5
274 1365 443 1462 spiritum
462 1365 656 1463 sapientiae
675 1385 712 1440 et
733 1365 941 1441 intellectus

270 1465 439 1563 spiritum
458 1465 600 1541 consilii
619 1484 657 1541 et
675 1466 901 1542 fortitudinis

170 1644 178 1667 ‚
271 1568 441 1666 spiritum
460 1568 624 1643 scientiae
643 1587 681 1643 et
699 1569 847 1666 pietatis

272 1670 402 1767 spiritu
423 1670 614 1768 principaii
633 1669 812 1745 confirma
830 1697 890 1745 me

271 1771 440 1869 spiritum
460 1773 602 1848 timoris
620 1772 672 1847 tui
691 1771 812 1847 tribue
830 1773 932 1849 cordi
952 1799 1036 1847 meo

177 1894 246 1965 130
272 1872 345 1948 beu
364 1873 528 1949 heuheu
547 1873 636 1949 mihi
655 1876 806 1951 domine
823 1876 911 1974 quia
929 1874 1079 1974 peccaui
1099 1900 1221 1949 coram
1242 1893 1279 1950 te

272 2027 363 2104 Tibi
381 2029 533 2104 domine
551 2053 688 2128 magna
705 2049 762 2104 est
781 2028 977 2103 ineffabilis
995 2028 1247 2104 misericordia

273 2128 339 2205 tibi
359 2129 501 2206 infinita
519 2149 556 2206 et
575 2130 750 2205 naturalis
770 2130 909 2206 iustitia

273 2231 339 2305 tibi
358 2233 474 2308 uirtus
492 2250 531 2310 et
548 2259 622 2333 pax
640 2254 820 2332 perpetua

274 2334 340 2408 tibi
359 2336 440 2411 sine
458 2334 532 2412 fine
549 2333 728 2435 gaudium

180 2457 192 2506 1
201 2457 247 2537 35
277 2435 343 2510 tibi
362 2436 482 2512 honor
499 2455 538 2512 et
554 2435 674 2537 gloria

277 2536 343 2611 tibi
362 2538 630 2636 sempiternum
649 2538 843 2637 imperium

277 2637 345 2713 tibi
363 2640 548 2713 canticum
567 2665 705 2714 nouum
718 2642 799 2715 sine
818 2640 1026 2715 cessatione
1037 2640 1238 2715 concinunt
1251 2639 1374 2741 angeli

278 2752 383 2813 tanta
400 2739 490 2814 mihi
510 2741 546 2813 in
565 2739 623 2813 his
641 2741 814 2816 omnibus
834 2740 938 2814 faciei
957 2741 1125 2816 confusio
1142 2761 1200 2817 est

275 2837 349 2913 beu
367 2840 531 2915 heuheu
550 2841 640 2915 mihi
653 2841 804 2916 domine
822 2842 910 2939 quia
923 2842 1073 2939 peccaui

184 3012 252 3082 140
280 2989 494 3090 Usquequo
512 2991 663 3067 domine
681 2992 909 3068 obliuisceris
927 3018 988 3066 me
1006 2993 1043 3066 in
1063 2992 1174 3066 finem

277 3117 473 3189 usquequo
490 3092 642 3167 domine
660 3094 798 3168 auertis
816 3092 1001 3167 salubrem
1021 3118 1043 3165 a
1060 3118 1121 3167 me
1139 3088 1285 3165 saciem¹

276 3217 472 3290 usquequo
500 3192 652 3267 domine
686 3193 888 3267 sustinebis
915 3192 1128 3289 iniquitates
1154 3217 1257 3264 meas
1283 3190 1376 3264 deus

328 3318 434 3367 meus

278 3419 473 3491 usquequo
491 3391 717 3468 exaltabitur
735 3392 904 3467 inimicus
923 3419 1028 3466 meus
1046 3417 1159 3489 super
1177 3389 1252 3464 meo

279 3520 474 3592 usquequo
492 3495 710 3569 exardescet
729 3520 840 3590 super
859 3519 918 3567 me
936 3494 1030 3567 sicut
1050 3493 1146 3593 ignis
1166 3492 1218 3565 ira
1235 3488 1314 3565 tua³

186 3617 250 3689 145
280 3620 475 3693 usquequo
494 3620 554 3669 me
571 3594 1011 3694 expectabislonganimi
1031 3593 1210 3692 patientia

278 3695 442 3770 heuheu
461 3695 534 3770 heu
553 3696 643 3770 mihi

227 3857 234 3871 '
279 3847 413 3924 Xriste
431 3845 596 3922 saluator
614 3847 703 3921 mihi
722 3845 866 3920 uultum
886 3863 989 3920 tuum
1009 3843 1167 3920 ostende

278 3949 408 4023 Xriste
426 3975 447 4022 a
466 3973 526 4021 me
545 3966 708 4022 transeat
728 3946 935 4047 indignatio
954 3948 1016 4020 irae
1036 3966 1108 4021 tuae

278 4051 406 4124 Xriste
425 4067 462 4124 te
480 4049 661 4146 deprecor
686 4067 727 4122 ut
755 4075 828 4124 non
855 4049 891 4122 in
918 4048 1040 4123 surore
1067 4066 1132 4122 tuo
1158 4069 1293 4144 arguas
1318 4068 1376 4116 me

328 4152 486 4227 obsecro

183 4273 253 4346 150
282 4251 411 4327 Xriste
429 4270 470 4325 ut
489 4276 563 4325 non
582 4249 785 4324 secundum
806 4274 929 4323 meum
948 4266 1070 4322 actum
1091 4273 1150 4321 me
1170 4245 1308 4319 iudices

272 4353 420 4448 [Xriste
443 4353 528 4427 iesu
546 4351 689 4426 saluum
709 4350 765 4425 iac
784 4349 898 4425 filium
917 4348 1058 4424 anciilae
1077 4367 1150 4423 tuae
1188 4345 1266 4446 [tol.
1290 4345 1362 4450 ²².b
1440 4446 1442 4451 Ι

278 4454 405 4530 Xriste
424 4452 567 4529 saluum
586 4453 642 4528 sac
661 4479 809 4528 seruum
829 4472 932 4527 tuum
952 4471 1164 4550 sperantem
1184 4449 1221 4522 in
1240 4467 1277 4523 te

277 4556 349 4632 heu
369 4557 441 4632 beu
460 4556 533 4632 heu

350 4721 483 4766 muita
686 4718 824 4774 'Pub-1.
1027 4715 1209 4768 mutuum.
