3052 5220
605 118 658 162 nist
665 115 814 163 GNIFICA
824 115 849 161 Τ.

583 601 883 706 [Mnorurrcsr]
925 697 930 711 Ι

133 799 188 901 Τ]
223 798 332 998 M
346 800 536 901 Agnificat
554 801 679 876 anima
696 826 780 875 mea
797 797 988 875 dominum

396 920 434 978 et
452 900 632 978 exultauit
649 903 799 1001 spiritus
817 926 922 976 meus
940 900 977 975 in
995 899 1068 975 deo
1086 896 1236 974 salutari
1249 923 1337 973 meo

212 1002 313 1099 Quia
330 1004 493 1102 respexit
511 1002 756 1080 humilitatem
775 1001 917 1078 ancillae
935 1026 1012 1076 suae

213 1103 314 1179 Ecce
331 1105 431 1180 enim
450 1130 497 1180 ex
515 1104 586 1180 hoc
604 1106 752 1180 beatam
780 1129 840 1179 me
857 1105 982 1178 dicent

261 1230 392 1280 omnes
409 1206 671 1305 generationes

163 1326 181 1400 5
212 1304 313 1401 Quia
330 1307 416 1382 iecit
434 1304 523 1381 mihi
543 1333 681 1407 magna
697 1306 760 1405 qui
779 1324 912 1405 potens
929 1324 986 1380 est

210 1425 248 1481 et
266 1426 435 1482 sanctum
455 1433 589 1483 nomen
608 1408 688 1483 eius

215 1507 266 1582 Et
285 1507 539 1584 misericordia
555 1508 635 1583 eius
654 1509 690 1583 in
710 1509 910 1609 progenies
927 1526 965 1582 et
984 1506 1182 1606 progenies

213 1607 431 1683 timentibus
449 1634 534 1683 eum
782 1683 788 1695 ,

217 1709 323 1785 Fecit
340 1710 544 1808 potentiam
565 1710 601 1784 in
620 1707 773 1785 brachio
790 1735 859 1784 suo

144 1833 189 1887 ro
215 1810 378 1909 dispexit
396 1812 577 1910 superbos
596 1829 722 1886 mente
740 1811 862 1886 cordis
880 1811 936 1885 sui

217 1911 403 2010 Deposuit
422 1931 595 2011 potentes
613 1913 662 1987 de
680 1913 770 1988 sede

214 2031 251 2088 et
270 2012 448 2088 exaltauit
466 2013 624 2088 humiles

218 2113 437 2190 Esurientes
455 2114 621 2213 impleuit
639 2114 748 2188 bonis

215 2234 254 2289 et
271 2215 407 2291 diuites
425 2215 574 2290 demisit
592 2216 721 2289 inanes

147 2338 188 2410 15
217 2316 391 2415 Suscepit
413 2317 525 2392 Israel
545 2342 699 2415 puerum
719 2341 825 2390 suum

220 2443 429 2494 memorare
448 2418 710 2494 misericordias
728 2443 805 2491 suae

198 2591 234 2665 F]
271 2594 439 2651 sexultsbit
550 2609 582 2649 ro
600 2593 628 2650 in
641 2605 736 2650 mente
847 2609 877 2664 ¹3
896 2592 1066 2649 essurientes
1189 2604 1220 2656 ¹4
1238 2587 1346 2645 dimisit

194 2722 300 2776 Glossse
311 2725 345 2788 Τ]
381 2737 391 2776 r
410 2724 505 2787 enims]
515 2725 568 2777 eius
579 2725 662 2775 enims
670 2724 800 2776 dominum
809 2722 950 2792 msgnificst
959 2721 1003 2787 qui
1010 2737 1098 2772 ornnes
1104 2718 1232 2772 interiores
1238 2717 1348 2769 hominis

146 2788 250 2840 effectus
261 2790 353 2841 diuinis
364 2791 478 2841 isudibus
489 2807 518 2841 sc
529 2791 635 2842 seruitiis
643 2791 768 2856 mancipet
905 2801 920 2839 s
936 2787 1048 2850 selutsri]
1060 2786 1086 2838 .i.
1098 2795 1125 2836 ut
1135 2784 1197 2835 dicit
1208 2784 1345 2861 pssimists.

147 2854 243 2905 Anisus
254 2872 310 2906 rues
320 2855 441 2907 exultabit
449 2856 552 2907 domino
561 2866 585 2907 et
594 2856 752 2907 diiectsbitur
760 2872 833 2922 super
844 2854 944 2905 selutsri
954 2850 1008 2905 ιιιοΙ
1138 2862 1154 2916 3
1170 2848 1349 2927 humiliatem]

147 2919 175 2970 .i.
200 2919 368 2986 uirginitstern
432 2921 540 2985 snciiue]
559 2922 585 2973 .i.
609 2921 680 2973 cuius
701 2921 828 2972 humilitas
846 2919 975 2986 respicitur
995 2927 1062 2970 recte
1082 2915 1116 2966 sb
1137 2915 1253 2967 omnibus
1274 2913 1348 2990 berte

148 2986 350 3051 cognominsnds
365 2988 510 3053 pretuistur.
524 2987 586 3038 sicut
603 3003 618 3038 e
634 2987 758 3037 contrusio
774 2986 889 3053 superbis
904 2985 1015 3052 dispects
1026 2983 1205 3034 condemnetur
1217 2979 1294 3056 Eue:
1308 2989 1348 3055 Ιιιι

148 3049 211 3101 sicut
232 3051 333 3103 intrsuit
351 3068 418 3103 mors
437 3052 462 3103 in
482 3053 603 3103 mundum
622 3068 666 3117 per
684 3052 825 3118 superbiero
847 3051 915 3112 Eue,
1000 3047 1165 3099 humilitstenr
1184 3045 1272 3096 Mense
1290 3055 1348 3094 unoe

149 3115 267 3180 penditur
278 3117 393 3169 introitus
403 3118 513 3168 humsno
523 3114 619 3183 generi⁸
788 3117 805 3168 6
820 3066 1068 3177 senetumfgncturn
1079 3126 1171 3163 nornen
1182 3110 1236 3162 eius
1245 3119 1349 3185 uocetur

149 3179 208 3256 quis
220 3181 351 3247 singuisris
361 3182 470 3234 culmine
481 3183 598 3248 potentiae
610 3182 760 3233 trsnscendit
771 3198 871 3232 omnem
882 3178 1030 3232 οιιιιιιιιιιιιι
1137 3186 1152 3239 7
1169 3174 1195 3226 in
1207 3174 1350 3251 progenies]

150 3260 177 3294 .i.
191 3245 218 3294 in
230 3245 299 3296 omni
327 3255 386 3298 ente
414 3247 440 3297 ui
451 3247 521 3298 timet
533 3263 590 3298 eum
602 3257 626 3298 et
638 3258 753 3313 operetur
767 3245 895 3297 iustitism⁴
1056 3255 1073 3305 9
1089 3240 1237 3319 potentium]
1248 3255 1275 3290 .i.
1289 3254 1348 3304 quis

149 3310 236 3359 omnis
248 3326 292 3375 per
304 3263 382 3362 ilium
394 3262 435 3362 dei
446 3312 524 3378 petris
536 3312 677 3371 factasunt,
690 3313 747 3363 ideo
758 3328 814 3363 eum
827 3311 953 3362 bruchium
967 3308 1062 3385 domini
1073 3307 1179 3385 dicitur·
1203 3371 1209 3383 .
1319 3316 1351 3354 to

150 3375 283 3439 superbos]
295 3375 322 3427 .i.
337 3372 402 3427 filios
413 3377 516 3436 disbuii,
529 3378 588 3453 quis
599 3377 695 3428 initium
707 3391 744 3428 est
756 3377 838 3428 omnis
895 3375 943 3426 ceti
954 3375 1070 3439 superbis
1080 3381 1104 3423 et
1115 3388 1143 3421 m
1154 3376 1250 3420 nnsstr.
1266 3383 1346 3444 marg.

150 3450 332 3491 commemoret
344 3440 385 3494 hic
396 3442 469 3492 bests
478 3442 558 3492 Mens
570 3444 696 3506 quomodo
708 3458 752 3507 per
762 3457 838 3492 omne
875 3440 955 3492 bentis
965 3438 1048 3490 soeculi
1057 3447 1155 3514 tempus
1164 3443 1260 3487 crestor
1271 3445 1350 3484 iustus

149 3518 179 3553 sc
192 3503 332 3581 misericors
342 3516 368 3556 et
384 3507 504 3584 superbis·
514 3508 625 3558 resistere
636 3517 660 3558 et
672 3507 877 3583 humilibus-dere
886 3505 992 3581 gretiam
1003 3498 1153 3554 consueuit.⁸
1199 3564 1205 3575 .
1276 3563 1283 3574 ⁹
1319 3511 1350 3574 ¹¹.

150 3562 1351 3704 nitetis-nituerint:innituit,tenacissimi

152 3699 256 3764 perfecti
268 3700 328 3763 quis
339 3710 425 3752 eterne
436 3702 504 3753 bons
515 3703 624 3754 esuriunt
657 3703 740 3764 bonis]
752 3703 778 3752 .i.
792 3701 924 3754 celestibus
1064 3711 1094 3760 ts
1109 3694 1211 3771 diuites]
1222 3694 1248 3744 .i.
1263 3692 1306 3770 qui
1318 3694 1352 3770 de

151 3764 258 3815 terrenis
277 3765 372 3817 diuitiis
391 3767 537 3833 superbiunt
558 3768 643 3819 insnes
661 3768 737 3819 totius
757 3766 918 3819 beatitudinis
936 3765 1097 3816 demittentur
1113 3779 1128 3812 s
1144 3762 1248 3812 dommo
1266 3774 1292 3808 rn
1309 3759 1352 3809 dre

150 3828 236 3879 iudicii
387 3841 416 3897 ις
432 3834 552 3900 suscepit]
571 3834 598 3887 .i.
620 3836 681 3885 deus
703 3842 726 3884 et
747 3835 775 3884 in
798 3834 895 3883 sr'nr'str.
919 3847 997 3890 nrerg.
1020 3830 1084 3880 bene
1105 3835 1188 3878 sutem
1210 3823 1306 3875 domini
1325 3834 1350 3874 et

152 3894 273 3945 Iohannis
284 3906 397 3947 exortum
411 3908 502 3949 matres
513 3899 661 3966 proferendo
672 3898 835 3965 praeueniunt
849 3907 875 3948 ut
886 3897 949 3948 sicut
960 3903 1090 3962 peccetum
1102 3909 1118 3943 s
1128 3890 1273 3942 mulieribus
1284 3890 1350 3955 cepit

152 3959 187 4010 its
203 3959 277 4010 etism
295 3961 362 4012 bons
378 3963 551 4014 smuiieribus
566 3965 694 4031 incipiant,
708 3975 732 4015 et
750 3979 806 4030 quse
822 3979 866 4030 per
882 3962 954 4013 unius
970 3958 1142 4026 deceptionem
1160 3955 1232 4024 periit
1252 3957 1352 4005 duabus

152 4025 265 4076 certetim
278 4028 479 4092 prtcconsntibus
490 4030 584 4080 mundo
596 4030 646 4080 uita
658 4026 784 4081 reddntur²

175 4138 324 4194 Plautino·
405 4141 703 4188 'stercoranistae
779 4143 859 4185 ΗΜ.
936 4142 1083 4191 ‘Artemo
1169 4134 1350 4189 'cnjuntne

437 4194 448 4223 ⁸
463 4194 518 4238 Phil.
529 4194 557 4238 is.
569 4209 576 4236 ι
581 4209 598 4246 3.
718 4196 726 4226 ⁷
742 4195 815 4237 iisrds
824 4195 906 4237 Comm.
917 4193 941 4234 ἐι
951 4192 989 4233 Le.
1001 4190 1014 4233 i.
1026 4204 1056 4242 53.

1508 1350 1512 1419 i

1509 1424 1514 1485 i
